<?xml version='1.0' encoding='UTF-8'?>
<collection xmlns='http://www.loc.gov/MARC21/slim' xmlns:xsi='http://www.w3.org/2001/XMLSchema-instance' xsi:schemaLocation='http://www.loc.gov/MARC21/slim http://www.loc.gov/standards/marcxml/schema/MARC21slim.xsd'>
<record xmlns='http://www.loc.gov/MARC21/slim'><leader>00359namZa2200109zZZ4500</leader><controlfield tag='001'>991036870606203811</controlfield><controlfield tag='005'>20160804164210.0</controlfield><controlfield tag='008'>140707uuuuuuuuuuuuuu-|-o----u|----|eng-d</controlfield><datafield ind1=' ' ind2=' ' tag='035'><subfield code='a'>(CKB)2560000000237526</subfield></datafield><datafield ind1=' ' ind2=' ' tag='035'><subfield code='a'>(EXLCZ)992560000000237526</subfield></datafield><datafield ind1='0' ind2='0' tag='245'><subfield code='a'>TEMPORARY WORKERS AS MEMBERS OF THE CONTINGENT LABOR FORCE (RL30072)</subfield></datafield><datafield ind1=' ' ind2=' ' tag='246'><subfield code='a'>TEMPORARY WORKERS AS MEMBERS OF THE CONTINGENT LABOR FORCE </subfield></datafield><datafield ind1=' ' ind2=' ' tag='906'><subfield code='a'>BOOK</subfield></datafield><datafield ind1=' ' ind2=' ' tag='ADM'><subfield code='b'>2018-02-02 21:17:08</subfield><subfield code='e'>(CKB)2560000000237526</subfield><subfield code='d'>CKB</subfield><subfield code='a'>2014-07-12 23:55:12</subfield><subfield code='c'>false</subfield></datafield><datafield ind1=' ' ind2=' ' tag='PRT'><subfield code='a'>53410699620003811</subfield><subfield code='b'>https://sandbox01-na.alma.exlibrisgroup.com/view/uresolver/01TULI_INST/openurl?u.ignore_date_coverage=true&amp;rft.mms_id=991036870606203811</subfield><subfield code='e'>Hein Online</subfield><subfield code='g'> Available from 1999 until 1999.</subfield><subfield code='9'>Available</subfield><subfield code='c'>HeinOnline U.S. Congressional Documents Library</subfield><subfield code='h'>611000000000001822</subfield><subfield code='8'>53410699620003811</subfield></datafield></record>