
<record xmlns='http://www.loc.gov/MARC21/slim'><leader>00482camZa2200109zZZ4500</leader><controlfield tag='001'>991036871170603811</controlfield><controlfield tag='005'>20160616152620.0</controlfield><controlfield tag='008'>151109u1993uuuuuuuuu-|-o----u|----|eng-d</controlfield><datafield ind1=' ' ind2=' ' tag='035'><subfield code='a'>(CKB)3190000000032412</subfield></datafield><datafield ind1=' ' ind2=' ' tag='035'><subfield code='a'>(EXLCZ)993190000000032412</subfield></datafield><datafield ind1='0' ind2='0' tag='245'><subfield code='a'>Toward a disposable workforce : the increasing use of contingent labor : hearing before the Subcommittee on Labor of the Committee on Labor and Human Resources, One Hundred Third Congress, first session ... June 15, 1993</subfield></datafield><datafield ind1=' ' ind2=' ' tag='246'><subfield code='a'>Toward a disposable workforce </subfield></datafield><datafield ind1=' ' ind2=' ' tag='906'><subfield code='a'>BOOK</subfield></datafield><datafield ind1=' ' ind2=' ' tag='ADM'><subfield code='b'>2018-02-02 21:34:18</subfield><subfield code='e'>3190000000032412</subfield><subfield code='d'>CKB</subfield><subfield code='a'>2012-09-23 02:25:47</subfield><subfield code='c'>false</subfield></datafield><datafield ind1=' ' ind2=' ' tag='PRT'><subfield code='a'>53410899590003811</subfield><subfield code='b'>https://sandbox01-na.alma.exlibrisgroup.com/view/uresolver/01TULI_INST/openurl?u.ignore_date_coverage=true&amp;rft.mms_id=991036871170603811</subfield><subfield code='e'>Hein Online</subfield><subfield code='g'> Available from 1993 until 1993.</subfield><subfield code='9'>Available</subfield><subfield code='c'>HeinOnline U.S. Congressional Documents Library</subfield><subfield code='h'>611000000000001822</subfield><subfield code='8'>53410899590003811</subfield></datafield></record>