
<record xmlns='http://www.loc.gov/MARC21/slim'><leader>01555cam a2200433 a 4500</leader><controlfield tag='005'>20170826031339.0</controlfield><controlfield tag='008'>970509s1998    nhu      b    001 0 eng  </controlfield><controlfield tag='001'>991002055589703811</controlfield><datafield ind1=' ' ind2=' ' tag='010'><subfield code='a'>97021665 //r98</subfield></datafield><datafield ind1=' ' ind2=' ' tag='020'><subfield code='a'>0867094419</subfield></datafield><datafield ind1=' ' ind2=' ' tag='035'><subfield code='a'>(PPT)b18086408-01tuli_inst</subfield></datafield><datafield ind1=' ' ind2=' ' tag='035'><subfield code='a'>(DLC    )ocn482303277</subfield><subfield code='9'>ExL</subfield></datafield><datafield ind1=' ' ind2=' ' tag='035'><subfield code='a'>DLC   97021665 //r98</subfield></datafield><datafield ind1=' ' ind2=' ' tag='035'><subfield code='a'>ocm36942589</subfield></datafield><datafield ind1=' ' ind2=' ' tag='035'><subfield code='a'>(OCLC)ocm36942589</subfield></datafield><datafield ind1=' ' ind2=' ' tag='040'><subfield code='a'>DLC</subfield><subfield code='c'>DLC</subfield><subfield code='d'>DLC</subfield></datafield><datafield ind1=' ' ind2=' ' tag='043'><subfield code='a'>n-us---</subfield></datafield><datafield ind1=' ' ind2=' ' tag='079'><subfield code='a'>ocm36942589</subfield></datafield><datafield ind1=' ' ind2=' ' tag='090'><subfield code='a'>PE1405.U6G9 1998</subfield></datafield><datafield ind1='0' ind2='0' tag='245'><subfield code='a'>Gypsy academics and mother-teachers :</subfield><subfield code='b'>gender, contingent labor, and writing instruction /</subfield><subfield code='c'>Eileen E. Schell.</subfield></datafield><datafield ind1=' ' ind2=' ' tag='260'><subfield code='a'>Portsmouth, NH :</subfield><subfield code='b'>Boynton/Cook Publishers,</subfield><subfield code='c'>c1998.</subfield></datafield><datafield ind1=' ' ind2=' ' tag='300'><subfield code='a'>xiv, 158 p. ;</subfield><subfield code='c'>23 cm.</subfield></datafield><datafield ind1='1' ind2=' ' tag='490'><subfield code='a'>CrossCurrents</subfield></datafield><datafield ind1=' ' ind2=' ' tag='504'><subfield code='a'>Includes bibliographical references (p. 131-149) and index.</subfield></datafield><datafield ind1=' ' ind2='0' tag='650'><subfield code='a'>English language</subfield><subfield code='x'>Rhetoric</subfield><subfield code='x'>Study and teaching</subfield><subfield code='z'>United States.</subfield></datafield><datafield ind1=' ' ind2='0' tag='650'><subfield code='a'>Sex discrimination in higher education</subfield><subfield code='z'>United States.</subfield></datafield><datafield ind1=' ' ind2='0' tag='650'><subfield code='a'>Sex discrimination against women</subfield><subfield code='z'>United States.</subfield></datafield><datafield ind1=' ' ind2='0' tag='650'><subfield code='a'>College teachers, Part-time</subfield><subfield code='z'>United States.</subfield></datafield><datafield ind1=' ' ind2='0' tag='650'><subfield code='a'>Teachers</subfield><subfield code='z'>Supply and demand</subfield><subfield code='z'>United States.</subfield></datafield><datafield ind1=' ' ind2='0' tag='650'><subfield code='a'>College teachers</subfield><subfield code='x'>Tenure</subfield><subfield code='z'>United States.</subfield></datafield><datafield ind1=' ' ind2='0' tag='650'><subfield code='a'>Women college teachers</subfield><subfield code='z'>United States.</subfield></datafield><datafield ind1=' ' ind2='0' tag='650'><subfield code='a'>English teachers</subfield><subfield code='z'>United States.</subfield></datafield><datafield ind1=' ' ind2='0' tag='830'><subfield code='a'>CrossCurrents (Portsmouth, N.H.)</subfield></datafield><datafield ind1=' ' ind2=' ' tag='902'><subfield code='a'>161005</subfield></datafield><datafield ind1=' ' ind2=' ' tag='907'><subfield code='a'>.b18086408</subfield><subfield code='b'>p    </subfield><subfield code='c'>-</subfield></datafield><datafield ind1=' ' ind2=' ' tag='935'><subfield code='a'>00879701</subfield></datafield><datafield ind1=' ' ind2=' ' tag='945'><subfield code='l'>pstk </subfield><subfield code='g'>1</subfield></datafield><datafield ind1=' ' ind2=' ' tag='979'><subfield code='a'>ocm36942589</subfield></datafield><datafield ind1=' ' ind2=' ' tag='998'><subfield code='b'>1</subfield><subfield code='c'>990101</subfield><subfield code='d'>m</subfield><subfield code='e'>a</subfield><subfield code='f'>-</subfield><subfield code='g'>0</subfield></datafield><datafield ind1=' ' ind2=' ' tag='ADM'><subfield code='b'>2017-08-26 07:13:39</subfield><subfield code='e'>b18086408-01tuli_inst</subfield><subfield code='d'>ILS</subfield><subfield code='a'>2017-06-20 11:08:29</subfield><subfield code='c'>false</subfield></datafield><datafield ind1='0' ind2=' ' tag='HLD'><subfield code='b'>MAIN</subfield><subfield code='c'>stacks</subfield><subfield code='h'>PE1405.U6G9 1998</subfield><subfield code='8'>22309346920003811</subfield></datafield><datafield ind1=' ' ind2=' ' tag='ITM'><subfield code='r'>22309346920003811</subfield><subfield code='b'>1</subfield><subfield code='h'>0</subfield><subfield code='g'>stacks</subfield><subfield code='t'>BOOK</subfield><subfield code='9'>39074011262268</subfield><subfield code='e'>stacks</subfield><subfield code='8'>23309346910003811</subfield><subfield code='a'>0</subfield><subfield code='q'>2017-06-20 11:08:29</subfield><subfield code='i'>PE1405.U6G9 1998</subfield><subfield code='d'>MAIN</subfield><subfield code='f'>MAIN</subfield></datafield></record>