
<record xmlns='http://www.loc.gov/MARC21/slim'><leader>00866nam a2200253 a 4500</leader><controlfield tag='008'>880901s1988    dcu          f10000 eng d</controlfield><controlfield tag='001'>991020200029703811</controlfield><datafield ind1=' ' ind2=' ' tag='035'><subfield code='a'>(PPT)b22959658-01tuli_inst</subfield></datafield><datafield ind1=' ' ind2=' ' tag='040'><subfield code='a'>GPO</subfield><subfield code='c'>GPO</subfield><subfield code='d'>MvI</subfield></datafield><datafield ind1=' ' ind2=' ' tag='043'><subfield code='a'>n-us---</subfield></datafield><datafield ind1=' ' ind2=' ' tag='074'><subfield code='a'>782</subfield></datafield><datafield ind1=' ' ind2=' ' tag='086'><subfield code='a'>L 36.102:W 89/6</subfield></datafield><datafield ind1='0' ind2=' ' tag='086'><subfield code='a'>L 36.102:W 89/6</subfield></datafield><datafield ind1='0' ind2='0' tag='245'><subfield code='a'>Flexible workstyles :</subfield><subfield code='b'>a look at contingent labor : conference summary.</subfield></datafield><datafield ind1=' ' ind2=' ' tag='260'><subfield code='a'>Washington, D.C. :</subfield><subfield code='b'>U.S. Dept. of Labor, Women&apos;s Bureau,</subfield><subfield code='c'>1988.</subfield></datafield><datafield ind1=' ' ind2=' ' tag='300'><subfield code='a'>v, 93 p. ;</subfield><subfield code='c'>28 cm.</subfield></datafield><datafield ind1=' ' ind2=' ' tag='500'><subfield code='a'>Shipping list no.: 88-467-P.</subfield></datafield><datafield ind1=' ' ind2='0' tag='650'><subfield code='a'>Women</subfield><subfield code='x'>Employment</subfield><subfield code='z'>United States</subfield><subfield code='v'>Congresses.</subfield></datafield><datafield ind1=' ' ind2='0' tag='650'><subfield code='a'>Part-time employment</subfield><subfield code='z'>United States</subfield><subfield code='v'>Congresses.</subfield></datafield><datafield ind1=' ' ind2='0' tag='650'><subfield code='a'>Temporary employment</subfield><subfield code='z'>United States</subfield><subfield code='v'>Congresses.</subfield></datafield><datafield ind1='1' ind2='0' tag='710'><subfield code='a'>United States.</subfield><subfield code='b'>Women&apos;s Bureau.</subfield></datafield><datafield ind1=' ' ind2=' ' tag='907'><subfield code='a'>.b22959658</subfield><subfield code='b'>g    </subfield><subfield code='c'>-</subfield></datafield><datafield ind1=' ' ind2=' ' tag='902'><subfield code='a'>140710</subfield></datafield><datafield ind1=' ' ind2=' ' tag='998'><subfield code='b'>1</subfield><subfield code='c'>000930</subfield><subfield code='d'>m</subfield><subfield code='e'>a</subfield><subfield code='f'>-</subfield><subfield code='g'>0</subfield></datafield><datafield ind1=' ' ind2=' ' tag='902'><subfield code='a'>MARCIVE RECON PROJECT</subfield></datafield><datafield ind1=' ' ind2=' ' tag='945'><subfield code='l'>g    </subfield><subfield code='g'>1</subfield></datafield><datafield ind1=' ' ind2=' ' tag='ADM'><subfield code='b'>2018-02-02 09:44:01</subfield><subfield code='e'>b22959658-01tuli_inst</subfield><subfield code='d'>ILS</subfield><subfield code='a'>2017-06-20 15:11:32</subfield><subfield code='c'>false</subfield></datafield><datafield ind1='3' ind2=' ' tag='HLD'><subfield code='b'>KARDON</subfield><subfield code='c'>p_GovDocs</subfield><subfield code='h'>L 36.102:W 89/6</subfield><subfield code='8'>22336980510003811</subfield></datafield><datafield ind1=' ' ind2=' ' tag='ITM'><subfield code='r'>22336980510003811</subfield><subfield code='b'>1</subfield><subfield code='h'>3</subfield><subfield code='g'>p_GovDocs</subfield><subfield code='t'>BOOK</subfield><subfield code='e'>p_GovDocs</subfield><subfield code='8'>23336980500003811</subfield><subfield code='a'>0</subfield><subfield code='q'>2017-06-20 15:11:32</subfield><subfield code='i'>L 36.102:W 89/6</subfield><subfield code='d'>KARDON</subfield><subfield code='f'>KARDON</subfield></datafield></record>