
<record xmlns='http://www.loc.gov/MARC21/slim'><leader>01589pam a2200457 a 4500</leader><controlfield tag='005'>20170826032046.0</controlfield><controlfield tag='008'>980202s1998    nyua     b    001 0 eng  </controlfield><controlfield tag='001'>991002132979703811</controlfield><datafield ind1=' ' ind2=' ' tag='010'><subfield code='a'>98011445</subfield></datafield><datafield ind1=' ' ind2=' ' tag='020'><subfield code='a'>0801484057 (paper : alk. paper)</subfield></datafield><datafield ind1=' ' ind2=' ' tag='020'><subfield code='a'>080143369X (cloth : alk. paper)</subfield></datafield><datafield ind1=' ' ind2=' ' tag='035'><subfield code='a'>(PPT)b18102177-01tuli_inst</subfield></datafield><datafield ind1=' ' ind2=' ' tag='035'><subfield code='a'>(DLC    )ocn482407754</subfield><subfield code='9'>ExL</subfield></datafield><datafield ind1=' ' ind2=' ' tag='035'><subfield code='a'>DLC   98011445</subfield></datafield><datafield ind1=' ' ind2=' ' tag='035'><subfield code='a'>ocm38438585</subfield></datafield><datafield ind1=' ' ind2=' ' tag='035'><subfield code='a'>(OCLC)ocm38438585</subfield></datafield><datafield ind1=' ' ind2=' ' tag='040'><subfield code='a'>DLC</subfield><subfield code='c'>DLC</subfield><subfield code='d'>OrLoB</subfield></datafield><datafield ind1=' ' ind2=' ' tag='043'><subfield code='a'>n-us---</subfield></datafield><datafield ind1=' ' ind2=' ' tag='079'><subfield code='a'>ocm38438585</subfield></datafield><datafield ind1=' ' ind2=' ' tag='090'><subfield code='a'>HD5854.2.U6C66 1998</subfield></datafield><datafield ind1='0' ind2='0' tag='245'><subfield code='a'>Contingent work :</subfield><subfield code='b'>American employment relations in transition /</subfield><subfield code='c'>edited by Kathleen Barker and Kathleen Christensen.</subfield></datafield><datafield ind1=' ' ind2=' ' tag='260'><subfield code='a'>Ithaca, N.Y. ;</subfield><subfield code='a'>London :</subfield><subfield code='b'>ILR Press,</subfield><subfield code='c'>1998.</subfield></datafield><datafield ind1=' ' ind2=' ' tag='300'><subfield code='a'>viii, 350 p. :</subfield><subfield code='b'>ill. ;</subfield><subfield code='c'>23 cm.</subfield></datafield><datafield ind1='0' ind2=' ' tag='490'><subfield code='a'>ILR/Cornell paperbacks</subfield></datafield><datafield ind1=' ' ind2=' ' tag='504'><subfield code='a'>Includes bibliographical references (p. 321-335) and index.</subfield></datafield><datafield ind1=' ' ind2='0' tag='650'><subfield code='a'>Temporary employment</subfield><subfield code='z'>United States.</subfield></datafield><datafield ind1=' ' ind2='0' tag='650'><subfield code='a'>Part-time employment</subfield><subfield code='z'>United States.</subfield></datafield><datafield ind1=' ' ind2='0' tag='650'><subfield code='a'>Seasonal labor</subfield><subfield code='z'>United States.</subfield></datafield><datafield ind1=' ' ind2='0' tag='650'><subfield code='a'>Piecework</subfield><subfield code='z'>United States.</subfield></datafield><datafield ind1=' ' ind2='0' tag='650'><subfield code='a'>Contract system (Labor)</subfield><subfield code='z'>United States.</subfield></datafield><datafield ind1=' ' ind2='0' tag='650'><subfield code='a'>Employee fringe benefits</subfield><subfield code='x'>Law and legislation</subfield><subfield code='z'>United States.</subfield></datafield><datafield ind1=' ' ind2='0' tag='650'><subfield code='a'>Labor laws and legislation</subfield><subfield code='z'>United States.</subfield></datafield><datafield ind1='1' ind2=' ' tag='700'><subfield code='a'>Barker, Kathleen,</subfield><subfield code='d'>1951-</subfield></datafield><datafield ind1='1' ind2=' ' tag='700'><subfield code='a'>Christensen, K.</subfield><subfield code='q'>(Kathleen)</subfield></datafield><datafield ind1=' ' ind2=' ' tag='902'><subfield code='a'>110512</subfield></datafield><datafield ind1=' ' ind2=' ' tag='907'><subfield code='a'>.b18102177</subfield><subfield code='b'>multi</subfield><subfield code='c'>-</subfield></datafield><datafield ind1=' ' ind2=' ' tag='935'><subfield code='a'>00881413</subfield></datafield><datafield ind1=' ' ind2=' ' tag='945'><subfield code='l'>astk </subfield><subfield code='g'>1</subfield></datafield><datafield ind1=' ' ind2=' ' tag='945'><subfield code='l'>pstk </subfield><subfield code='g'>1</subfield></datafield><datafield ind1=' ' ind2=' ' tag='979'><subfield code='a'>ocm38438585</subfield></datafield><datafield ind1=' ' ind2=' ' tag='998'><subfield code='b'>1</subfield><subfield code='c'>990101</subfield><subfield code='d'>m</subfield><subfield code='e'>a</subfield><subfield code='f'>-</subfield><subfield code='g'>0</subfield></datafield><datafield ind1=' ' ind2=' ' tag='ADM'><subfield code='b'>2017-08-26 07:20:46</subfield><subfield code='e'>b18102177-01tuli_inst</subfield><subfield code='d'>ILS</subfield><subfield code='a'>2017-06-20 05:52:20</subfield><subfield code='c'>false</subfield></datafield><datafield ind1='0' ind2=' ' tag='HLD'><subfield code='b'>AMBLER</subfield><subfield code='c'>stacks</subfield><subfield code='h'>HD5854.2.U6C66 1998</subfield><subfield code='8'>22237525570003811</subfield></datafield><datafield ind1='0' ind2=' ' tag='HLD'><subfield code='b'>MAIN</subfield><subfield code='c'>stacks</subfield><subfield code='h'>HD5854.2.U6C66 1998</subfield><subfield code='8'>22237525500003811</subfield></datafield><datafield ind1=' ' ind2=' ' tag='ITM'><subfield code='r'>22237525500003811</subfield><subfield code='b'>1</subfield><subfield code='h'>0</subfield><subfield code='g'>stacks</subfield><subfield code='t'>BOOK</subfield><subfield code='9'>39074011255940</subfield><subfield code='e'>stacks</subfield><subfield code='8'>23237525490003811</subfield><subfield code='a'>0</subfield><subfield code='q'>2017-06-20 05:52:20</subfield><subfield code='i'>HD5854.2.U6C66 1998</subfield><subfield code='d'>MAIN</subfield><subfield code='f'>MAIN</subfield></datafield><datafield ind1=' ' ind2=' ' tag='ITM'><subfield code='r'>22237525570003811</subfield><subfield code='b'>1</subfield><subfield code='h'>0</subfield><subfield code='g'>stacks</subfield><subfield code='t'>BOOK</subfield><subfield code='9'>39074015942337</subfield><subfield code='e'>stacks</subfield><subfield code='8'>23237525510003811</subfield><subfield code='a'>0</subfield><subfield code='q'>2017-06-20 05:52:20</subfield><subfield code='i'>HD5854.2.U6C66 1998</subfield><subfield code='d'>AMBLER</subfield><subfield code='f'>AMBLER</subfield></datafield></record>