
<record xmlns='http://www.loc.gov/MARC21/slim'><leader>01984cai a2200457 ia4500</leader><controlfield tag='006'>m    f   d        </controlfield><controlfield tag='007'>cr cn nnnauuuu</controlfield><controlfield tag='008'>130721c20129999xx fr w o     0   a2eng d</controlfield><controlfield tag='005'>20180315150556.0</controlfield><controlfield tag='001'>991032901859703811</controlfield><datafield ind1=' ' ind2=' ' tag='035'><subfield code='a'>(PPT)b64744334-01tuli_inst</subfield></datafield><datafield ind1=' ' ind2=' ' tag='035'><subfield code='a'>ccn00402876</subfield><subfield code='9'>ExL</subfield></datafield><datafield ind1=' ' ind2=' ' tag='040'><subfield code='a'>NjRocCCS</subfield><subfield code='b'>eng</subfield><subfield code='e'>rda</subfield><subfield code='c'>NjRocCCS</subfield></datafield><datafield ind1=' ' ind2=' ' tag='043'><subfield code='a'>n-us---</subfield></datafield><datafield ind1=' ' ind2=' ' tag='090'><subfield code='a'>KF3580.T45</subfield><subfield code='b'>H67eb</subfield></datafield><datafield ind1=' ' ind2=' ' tag='099'><subfield code='a'>LEXIS ADVANCE</subfield></datafield><datafield ind1='1' ind2=' ' tag='100'><subfield code='a'>Horne, Michael S.,</subfield><subfield code='d'>1938-</subfield><subfield code='e'>author.</subfield></datafield><datafield ind1='1' ind2='0' tag='245'><subfield code='a'>Contingent workforce</subfield><subfield code='h'>[electronic resource] :</subfield><subfield code='b'>business and legal strategies /</subfield><subfield code='c'>[Michael S. Horne, Thomas S. Williamson, Jr., Anthony Herman].</subfield></datafield><datafield ind1=' ' ind2='1' tag='264'><subfield code='a'>[Place of publication not identified] :</subfield><subfield code='b'>Law Journal Press,</subfield><subfield code='c'>[2012-]</subfield></datafield><datafield ind1=' ' ind2='2' tag='264'><subfield code='a'>[Place of distribution not identified] :</subfield><subfield code='b'>[LexisNexis],</subfield><subfield code='c'>[2013-]</subfield></datafield><datafield ind1=' ' ind2=' ' tag='300'><subfield code='a'>1 online resource</subfield></datafield><datafield ind1=' ' ind2=' ' tag='310'><subfield code='a'>Updated two times per year</subfield></datafield><datafield ind1=' ' ind2=' ' tag='336'><subfield code='a'>text</subfield><subfield code='2'>rdacontent</subfield></datafield><datafield ind1=' ' ind2=' ' tag='337'><subfield code='a'>computer</subfield><subfield code='2'>rdamedia</subfield></datafield><datafield ind1=' ' ind2=' ' tag='338'><subfield code='a'>online resource</subfield><subfield code='2'>rdacarrier</subfield></datafield><datafield ind1=' ' ind2=' ' tag='588'><subfield code='a'>Description based on source information screen, viewed July 21, 2013.</subfield></datafield><datafield ind1=' ' ind2=' ' tag='500'><subfield code='a'>Includes index.</subfield></datafield><datafield ind1=' ' ind2=' ' tag='590'><subfield code='a'>Access is available to current Temple Law students, faculty, and staff with individual logins.</subfield></datafield><datafield ind1='1' ind2='0' tag='650'><subfield code='a'>Temporary employment</subfield><subfield code='x'>Law and legislation</subfield><subfield code='z'>United States.</subfield></datafield><datafield ind1=' ' ind2='0' tag='650'><subfield code='a'>Part-time employment</subfield><subfield code='x'>Law and legislation</subfield><subfield code='z'>United States.</subfield></datafield><datafield ind1=' ' ind2='0' tag='650'><subfield code='a'>Independent contractors</subfield><subfield code='x'>Legal status, laws, etc.</subfield><subfield code='z'>United States.</subfield></datafield><datafield ind1=' ' ind2='0' tag='650'><subfield code='a'>Labor laws and legislation</subfield><subfield code='z'>United States.</subfield></datafield><datafield ind1=' ' ind2='0' tag='655'><subfield code='a'>Electronic books.</subfield></datafield><datafield ind1='1' ind2=' ' tag='700'><subfield code='a'>Williamson, Thomas Samuel,</subfield><subfield code='d'>1946-</subfield><subfield code='e'>author.</subfield></datafield><datafield ind1='1' ind2=' ' tag='700'><subfield code='a'>Herman, Anthony,</subfield><subfield code='d'>1950-</subfield><subfield code='e'>author.</subfield></datafield><datafield ind1='2' ind2=' ' tag='710'><subfield code='a'>Lexis Advance eTreatises.</subfield></datafield><datafield ind1='0' ind2=' ' tag='730'><subfield code='a'>LEXIS (Information retrieval system)</subfield></datafield><datafield ind1='4' ind2='0' tag='856'><subfield code='z'>Access electronic resource (Lexis Advance login and password required)</subfield><subfield code='u'>https://advance.lexis.com/api/toc/source/MTA1NzkyOA?origination=lawcc</subfield></datafield><datafield ind1=' ' ind2=' ' tag='907'><subfield code='a'>.b64744334</subfield><subfield code='b'>w    </subfield><subfield code='c'>-</subfield></datafield><datafield ind1=' ' ind2=' ' tag='945'><subfield code='l'>w    </subfield><subfield code='g'>1</subfield></datafield><datafield ind1=' ' ind2=' ' tag='998'><subfield code='b'>1</subfield><subfield code='c'>170506</subfield><subfield code='d'>-</subfield><subfield code='e'>@</subfield><subfield code='f'>-</subfield><subfield code='g'>0</subfield></datafield><datafield ind1=' ' ind2=' ' tag='PRT'><subfield code='a'>53383015500003811</subfield><subfield code='b'>https://sandbox01-na.alma.exlibrisgroup.com/view/uresolver/01TULI_INST/openurl?u.ignore_date_coverage=true&amp;rft.mms_id=991032901859703811</subfield><subfield code='f'>Access electronic resource (Lexis Advance login and password required)</subfield><subfield code='d'>MAIN</subfield><subfield code='c'>Lexis Advance eTreatises</subfield><subfield code='8'>53383015500003811</subfield></datafield></record>