
<record xmlns='http://www.loc.gov/MARC21/slim'><leader>01777nam  2200445 i 4500</leader><controlfield tag='006'>m     o  d |      </controlfield><controlfield tag='007'>cr cnu||||||||</controlfield><controlfield tag='008'>180306t20182018mdua    o     000 0 eng d</controlfield><controlfield tag='001'>991036900188003811</controlfield><datafield ind1=' ' ind2=' ' tag='020'><subfield code='a'>9781498539548</subfield></datafield><datafield ind1=' ' ind2=' ' tag='020'><subfield code='a'>9781498539555 (Proquest Ebook Central)</subfield></datafield><datafield ind1=' ' ind2=' ' tag='020'><subfield code='a'>1498539556</subfield></datafield><datafield ind1=' ' ind2=' ' tag='020'><subfield code='a'>9781498539555</subfield></datafield><datafield ind1=' ' ind2=' ' tag='035'><subfield code='a'>(MiAaPQ)EBC5288441</subfield></datafield><datafield ind1=' ' ind2=' ' tag='035'><subfield code='a'>(OCoLC)1023028392</subfield></datafield><datafield ind1=' ' ind2=' ' tag='035'><subfield code='a'>(CaONFJC)EBC5288441</subfield></datafield><datafield ind1=' ' ind2=' ' tag='037'><subfield code='a'>5288441</subfield><subfield code='b'>Proquest Ebook Central</subfield></datafield><datafield ind1=' ' ind2=' ' tag='040'><subfield code='a'>CaONFJC</subfield><subfield code='e'>rda</subfield><subfield code='c'>CaONFJC</subfield></datafield><datafield ind1=' ' ind2='4' tag='050'><subfield code='a'>LB2331.7</subfield><subfield code='b'>.C668 2018</subfield></datafield><datafield ind1='0' ind2=' ' tag='082'><subfield code='a'>378.12</subfield><subfield code='2'>23</subfield></datafield><datafield ind1='0' ind2='0' tag='245'><subfield code='a'>Contextualizing and organizing contingent faculty :</subfield><subfield code='b'>reclaiming academic labor in universities /</subfield><subfield code='c'>edited by Ishmael I. Munene.</subfield></datafield><datafield ind1=' ' ind2='1' tag='264'><subfield code='a'>Lanham, Maryland :</subfield><subfield code='b'>Lexington Books,</subfield><subfield code='c'>2018.</subfield></datafield><datafield ind1=' ' ind2='4' tag='264'><subfield code='c'>©2018</subfield></datafield><datafield ind1=' ' ind2=' ' tag='300'><subfield code='a'>1 online resource (279 pages) :</subfield><subfield code='b'>illustrations</subfield></datafield><datafield ind1=' ' ind2=' ' tag='336'><subfield code='a'>text</subfield><subfield code='b'>txt</subfield><subfield code='2'>rdacontent</subfield></datafield><datafield ind1=' ' ind2=' ' tag='337'><subfield code='a'>computer</subfield><subfield code='b'>c</subfield><subfield code='2'>rdamedia</subfield></datafield><datafield ind1=' ' ind2=' ' tag='338'><subfield code='a'>online resource</subfield><subfield code='b'>cr</subfield><subfield code='2'>rdacarrier</subfield></datafield><datafield ind1=' ' ind2=' ' tag='588'><subfield code='a'>Description based on online resource; title from PDF title page (EBC, viewed March 6, 2018).</subfield></datafield><datafield ind1=' ' ind2='0' tag='650'><subfield code='a'>Universities and colleges</subfield><subfield code='x'>Faculty.</subfield></datafield><datafield ind1=' ' ind2='0' tag='650'><subfield code='a'>Organizational effectiveness.</subfield></datafield><datafield ind1=' ' ind2='0' tag='650'><subfield code='a'>Labor movement.</subfield></datafield><datafield ind1='1' ind2=' ' tag='700'><subfield code='a'>Munene, Ishmael I.,</subfield><subfield code='e'>editor.</subfield></datafield><datafield ind1='2' ind2=' ' tag='710'><subfield code='a'>Ebook Central.</subfield></datafield><datafield ind1='0' ind2='8' tag='776'><subfield code='i'>Print version:</subfield><subfield code='t'>Contextualizing and organizing contingent faculty : reclaiming academic labor in universities.</subfield><subfield code='d'>Lanham, Maryland : Lexington Books, c2018 </subfield><subfield code='h'>xv, 262 pages </subfield><subfield code='z'>9781498539548</subfield></datafield><datafield ind1='2' ind2=' ' tag='797'><subfield code='a'>ProQuest (Firm)</subfield></datafield><datafield ind1='4' ind2='0' tag='856'><subfield code='u'>http://ebookcentral.proquest.com/lib/templeuniv-ebooks/detail.action?docID=5288441</subfield></datafield><datafield ind1=' ' ind2=' ' tag='960'><subfield code='k'>MAIN</subfield><subfield code='g'>E_BOOK</subfield><subfield code='l'>web</subfield><subfield code='o'>1</subfield><subfield code='q'>042418</subfield><subfield code='s'>156.25</subfield><subfield code='u'>1jedf</subfield><subfield code='v'>coutt</subfield></datafield><datafield ind1=' ' ind2=' ' tag='961'><subfield code='f'>acqrat</subfield><subfield code='h'>EBC3U</subfield><subfield code='i'>40505292</subfield></datafield><datafield ind1=' ' ind2=' ' tag='979'><subfield code='a'>EBC5288441</subfield></datafield><datafield ind1=' ' ind2=' ' tag='PRT'><subfield code='a'>53423626350003811</subfield><subfield code='b'>https://sandbox01-na.alma.exlibrisgroup.com/view/uresolver/01TULI_INST/openurl?u.ignore_date_coverage=true&amp;rft.mms_id=991036900188003811</subfield><subfield code='d'>MAIN</subfield><subfield code='c'>Ebook Central</subfield><subfield code='8'>53423626350003811</subfield></datafield></record>