
<record xmlns='http://www.loc.gov/MARC21/slim'><leader>01418nam a2200421 a 4500</leader><controlfield tag='005'>20170825182933.0</controlfield><controlfield tag='008'>920116s1989    dcua     b    00010 eng d</controlfield><controlfield tag='001'>991028559929703811</controlfield><datafield ind1=' ' ind2=' ' tag='010'><subfield code='a'>89062001</subfield></datafield><datafield ind1=' ' ind2=' ' tag='020'><subfield code='z'>0090680981</subfield></datafield><datafield ind1=' ' ind2=' ' tag='035'><subfield code='a'>(PPT)b15883887-01tuli_inst</subfield></datafield><datafield ind1=' ' ind2=' ' tag='035'><subfield code='a'>ocn476745892</subfield><subfield code='9'>ExL</subfield></datafield><datafield ind1=' ' ind2=' ' tag='035'><subfield code='a'>PATG92-B01341</subfield></datafield><datafield ind1=' ' ind2=' ' tag='035'><subfield code='a'>ocm20077253</subfield></datafield><datafield ind1=' ' ind2=' ' tag='035'><subfield code='a'>(OCLC)ocm20077253</subfield></datafield><datafield ind1=' ' ind2=' ' tag='040'><subfield code='a'>CMontNP</subfield><subfield code='c'>CMontNP</subfield><subfield code='d'>CMontNP</subfield><subfield code='d'>NjP</subfield></datafield><datafield ind1=' ' ind2=' ' tag='079'><subfield code='a'>ocm20077253</subfield></datafield><datafield ind1=' ' ind2=' ' tag='090'><subfield code='a'>HD5124.B44x 1989</subfield></datafield><datafield ind1='1' ind2=' ' tag='100'><subfield code='a'>Belous, Richard S.</subfield></datafield><datafield ind1='1' ind2='4' tag='245'><subfield code='a'>The contingent economy :</subfield><subfield code='b'>the growth of the temporary, part-time and subcontracted workforce /</subfield><subfield code='c'>Richard S. Belous.</subfield></datafield><datafield ind1=' ' ind2=' ' tag='260'><subfield code='a'>Washington, D.C. :</subfield><subfield code='b'>National Planning Association,</subfield><subfield code='c'>c1989.</subfield></datafield><datafield ind1=' ' ind2=' ' tag='300'><subfield code='a'>xiv, 121 p. :</subfield><subfield code='b'>ill. ;</subfield><subfield code='c'>22 cm.</subfield></datafield><datafield ind1='1' ind2=' ' tag='490'><subfield code='a'>NPA report ;</subfield><subfield code='v'>#239</subfield></datafield><datafield ind1=' ' ind2=' ' tag='504'><subfield code='a'>Includes bibliographical references.</subfield></datafield><datafield ind1=' ' ind2='0' tag='650'><subfield code='a'>Hours of labor</subfield><subfield code='z'>United States.</subfield></datafield><datafield ind1=' ' ind2='0' tag='650'><subfield code='a'>Part-time employment</subfield><subfield code='z'>United States.</subfield></datafield><datafield ind1=' ' ind2='0' tag='650'><subfield code='a'>Temporary employment</subfield><subfield code='z'>United States.</subfield></datafield><datafield ind1=' ' ind2='0' tag='650'><subfield code='a'>Contracting out</subfield><subfield code='z'>United States.</subfield></datafield><datafield ind1=' ' ind2='0' tag='830'><subfield code='a'>NPA report ;</subfield><subfield code='v'>239.</subfield></datafield><datafield ind1=' ' ind2=' ' tag='902'><subfield code='a'>091211</subfield></datafield><datafield ind1=' ' ind2=' ' tag='907'><subfield code='a'>.b15883887</subfield><subfield code='b'>p    </subfield><subfield code='c'>-</subfield></datafield><datafield ind1=' ' ind2=' ' tag='935'><subfield code='a'>00644376</subfield></datafield><datafield ind1=' ' ind2=' ' tag='945'><subfield code='l'>pstk </subfield><subfield code='g'>1</subfield></datafield><datafield ind1=' ' ind2=' ' tag='950'><subfield code='l'>P</subfield><subfield code='i'>01/16/92 N</subfield></datafield><datafield ind1=' ' ind2=' ' tag='955'><subfield code='l'>P</subfield><subfield code='c'>0</subfield><subfield code='r'>39074008484651</subfield><subfield code='i'>01/16/92 C</subfield></datafield><datafield ind1=' ' ind2=' ' tag='979'><subfield code='a'>ocm20077253</subfield></datafield><datafield ind1=' ' ind2=' ' tag='998'><subfield code='b'>1</subfield><subfield code='c'>990101</subfield><subfield code='d'>m</subfield><subfield code='e'>a</subfield><subfield code='f'>-</subfield><subfield code='g'>4</subfield></datafield><datafield ind1=' ' ind2=' ' tag='998'><subfield code='a'>01/16/92</subfield><subfield code='t'>c</subfield><subfield code='s'>9116</subfield><subfield code='n'>PPT</subfield><subfield code='w'>CSUB89B1989</subfield><subfield code='d'>01/16/92</subfield><subfield code='c'>RM</subfield><subfield code='b'>AT</subfield><subfield code='i'>920116</subfield><subfield code='l'>PATG</subfield></datafield><datafield ind1=' ' ind2=' ' tag='ADM'><subfield code='b'>2017-08-25 22:29:33</subfield><subfield code='e'>b15883887-01tuli_inst</subfield><subfield code='d'>ILS</subfield><subfield code='a'>2017-06-20 09:22:09</subfield><subfield code='c'>false</subfield></datafield><datafield ind1='0' ind2=' ' tag='HLD'><subfield code='b'>MAIN</subfield><subfield code='c'>stacks</subfield><subfield code='h'>HD5124.B44x 1989</subfield><subfield code='8'>22293296240003811</subfield></datafield><datafield ind1=' ' ind2=' ' tag='ITM'><subfield code='r'>22293296240003811</subfield><subfield code='b'>1</subfield><subfield code='h'>0</subfield><subfield code='g'>stacks</subfield><subfield code='t'>BOOK</subfield><subfield code='9'>39074008484651</subfield><subfield code='e'>stacks</subfield><subfield code='8'>23293296230003811</subfield><subfield code='a'>0</subfield><subfield code='q'>2017-06-20 09:22:09</subfield><subfield code='i'>HD5124.B44x 1989</subfield><subfield code='d'>MAIN</subfield><subfield code='f'>MAIN</subfield></datafield></record>