
<record xmlns='http://www.loc.gov/MARC21/slim'><leader>01333ntm a2200397Ia 4500</leader><controlfield tag='008'>081117s2008    xx       b    000 0 eng d</controlfield><controlfield tag='005'>20170825232927.0</controlfield><controlfield tag='001'>991032547969703811</controlfield><datafield ind1=' ' ind2=' ' tag='035'><subfield code='a'>(PPT)b37082097-01tuli_inst</subfield></datafield><datafield ind1=' ' ind2=' ' tag='035'><subfield code='a'>ocn492633554</subfield><subfield code='9'>ExL</subfield></datafield><datafield ind1=' ' ind2=' ' tag='035'><subfield code='a'>ocn490075209</subfield></datafield><datafield ind1=' ' ind2=' ' tag='035'><subfield code='a'>(OCLC)ocn490075209</subfield></datafield><datafield ind1=' ' ind2=' ' tag='040'><subfield code='a'>PPT</subfield><subfield code='c'>PPT</subfield></datafield><datafield ind1=' ' ind2=' ' tag='079'><subfield code='a'>ocn490075209</subfield></datafield><datafield ind1=' ' ind2=' ' tag='099'><subfield code='a'>DISS 2008</subfield></datafield><datafield ind1='1' ind2=' ' tag='100'><subfield code='a'>Stickney, Lisa T.</subfield></datafield><datafield ind1='1' ind2='0' tag='245'><subfield code='a'>Contingent workers and competitive position :</subfield><subfield code='b'>the effect of contingent worker use on organizational performance /</subfield><subfield code='c'>by Lisa T. Stickney.</subfield></datafield><datafield ind1=' ' ind2=' ' tag='260'><subfield code='c'>2008.</subfield></datafield><datafield ind1=' ' ind2=' ' tag='300'><subfield code='a'>xii, 147 leaves ;</subfield><subfield code='c'>28 cm.</subfield></datafield><datafield ind1=' ' ind2=' ' tag='500'><subfield code='a'>Abstract.</subfield></datafield><datafield ind1=' ' ind2=' ' tag='502'><subfield code='a'>Thesis (Ph.D.)--Temple University, 2008.</subfield></datafield><datafield ind1=' ' ind2=' ' tag='504'><subfield code='a'>Includes bibliographical references (leaves 136-147).</subfield></datafield><datafield ind1=' ' ind2='0' tag='650'><subfield code='a'>Temporary employment</subfield><subfield code='z'>United States.</subfield></datafield><datafield ind1=' ' ind2='0' tag='650'><subfield code='a'>Part-time employment</subfield><subfield code='z'>United States.</subfield></datafield><datafield ind1=' ' ind2='0' tag='650'><subfield code='a'>Contract system (Labor)</subfield><subfield code='z'>United States.</subfield></datafield><datafield ind1=' ' ind2='0' tag='650'><subfield code='a'>Organizational change.</subfield></datafield><datafield ind1=' ' ind2='4' tag='690'><subfield code='a'>Business Administration</subfield><subfield code='x'>Temple University theses.</subfield></datafield><datafield ind1=' ' ind2='4' tag='690'><subfield code='a'>Temple University</subfield><subfield code='x'>Theses.</subfield></datafield><datafield ind1=' ' ind2=' ' tag='902'><subfield code='a'>130919</subfield></datafield><datafield ind1=' ' ind2=' ' tag='907'><subfield code='a'>.b37082097</subfield><subfield code='b'>multi</subfield><subfield code='c'>-</subfield></datafield><datafield ind1=' ' ind2=' ' tag='945'><subfield code='l'>kmicr</subfield><subfield code='g'>1</subfield></datafield><datafield ind1=' ' ind2=' ' tag='945'><subfield code='l'>kdis </subfield><subfield code='a'>Shelved by author</subfield><subfield code='g'>1</subfield></datafield><datafield ind1=' ' ind2=' ' tag='945'><subfield code='l'>stem </subfield><subfield code='g'>1</subfield></datafield><datafield ind1=' ' ind2=' ' tag='979'><subfield code='a'>ocn490075209</subfield></datafield><datafield ind1=' ' ind2=' ' tag='998'><subfield code='b'>3</subfield><subfield code='c'>081117</subfield><subfield code='d'>m</subfield><subfield code='e'>t</subfield><subfield code='f'>-</subfield><subfield code='g'>0</subfield></datafield><datafield ind1=' ' ind2=' ' tag='998'><subfield code='a'>11/17/08</subfield><subfield code='s'>DISS</subfield><subfield code='c'>cep </subfield></datafield><datafield ind1=' ' ind2=' ' tag='ADM'><subfield code='b'>2017-08-26 03:29:27</subfield><subfield code='e'>b37082097-01tuli_inst</subfield><subfield code='d'>ILS</subfield><subfield code='a'>2017-06-20 06:54:12</subfield><subfield code='c'>false</subfield></datafield><datafield ind1='8' ind2=' ' tag='HLD'><subfield code='b'>KARDON</subfield><subfield code='c'>p_remote</subfield><subfield code='h'>DISS 2008</subfield><subfield code='8'>22256876780003811</subfield></datafield><datafield ind1='8' ind2=' ' tag='HLD'><subfield code='b'>SCRC</subfield><subfield code='c'>rarestacks</subfield><subfield code='h'>DISS 2008</subfield><subfield code='8'>22256876800003811</subfield></datafield><datafield ind1=' ' ind2=' ' tag='ITM'><subfield code='r'>22256876780003811</subfield><subfield code='b'>1</subfield><subfield code='h'>8</subfield><subfield code='g'>p_remote</subfield><subfield code='t'>MANUSCRIPT</subfield><subfield code='9'>39074024497315</subfield><subfield code='e'>p_remote</subfield><subfield code='k'>Shelved by author</subfield><subfield code='8'>23256876760003811</subfield><subfield code='a'>0</subfield><subfield code='q'>2017-06-20 06:54:12</subfield><subfield code='i'>DISS 2008</subfield><subfield code='d'>KARDON</subfield><subfield code='f'>KARDON</subfield></datafield><datafield ind1=' ' ind2=' ' tag='ITM'><subfield code='r'>22256876780003811</subfield><subfield code='b'>1</subfield><subfield code='h'>8</subfield><subfield code='g'>p_remote</subfield><subfield code='t'>MANUSCRIPT</subfield><subfield code='9'>39074023750268</subfield><subfield code='e'>p_remote</subfield><subfield code='8'>23256876770003811</subfield><subfield code='a'>4</subfield><subfield code='q'>2017-06-20 06:54:12</subfield><subfield code='i'>DISS 2008</subfield><subfield code='d'>KARDON</subfield><subfield code='f'>KARDON</subfield></datafield><datafield ind1=' ' ind2=' ' tag='ITM'><subfield code='r'>22256876800003811</subfield><subfield code='b'>1</subfield><subfield code='h'>8</subfield><subfield code='g'>rarestacks</subfield><subfield code='t'>MANUSCRIPT</subfield><subfield code='9'>39074024672800</subfield><subfield code='e'>rarestacks</subfield><subfield code='8'>23256876790003811</subfield><subfield code='a'>4</subfield><subfield code='q'>2017-06-20 06:54:12</subfield><subfield code='i'>DISS 2008</subfield><subfield code='d'>SCRC</subfield><subfield code='f'>SCRC</subfield></datafield></record>