
<record xmlns='http://www.loc.gov/MARC21/slim'><leader>01536nam  2200361 i 4500</leader><controlfield tag='001'>991036817392203811</controlfield><controlfield tag='005'>20170816152943.0</controlfield><controlfield tag='006'>m     o  d |      </controlfield><controlfield tag='007'>cr||||||||nn|n</controlfield><controlfield tag='008'>140215t20142014tnu     ob    001 0 eng d</controlfield><datafield ind1=' ' ind2=' ' tag='010'><subfield code='z'>  2013031628</subfield></datafield><datafield ind1=' ' ind2=' ' tag='020'><subfield code='a'>0-8265-1952-0</subfield></datafield><datafield ind1=' ' ind2=' ' tag='035'><subfield code='a'>(CKB)2550000001202832</subfield></datafield><datafield ind1=' ' ind2=' ' tag='035'><subfield code='a'>(OCoLC)870273149</subfield></datafield><datafield ind1=' ' ind2=' ' tag='035'><subfield code='a'>(MdBmJHUP)muse31674</subfield></datafield><datafield ind1=' ' ind2=' ' tag='035'><subfield code='a'>(SSID)ssj0001114264</subfield></datafield><datafield ind1=' ' ind2=' ' tag='035'><subfield code='a'>(PQKBManifestationID)12502884</subfield></datafield><datafield ind1=' ' ind2=' ' tag='035'><subfield code='a'>(PQKBTitleCode)TC0001114264</subfield></datafield><datafield ind1=' ' ind2=' ' tag='035'><subfield code='a'>(PQKBWorkID)11054995</subfield></datafield><datafield ind1=' ' ind2=' ' tag='035'><subfield code='a'>(PQKB)10501667</subfield></datafield><datafield ind1=' ' ind2=' ' tag='035'><subfield code='a'>(MiAaPQ)EBC3040154</subfield></datafield><datafield ind1=' ' ind2=' ' tag='035'><subfield code='a'>(EXLCZ)992550000001202832</subfield></datafield><datafield ind1=' ' ind2=' ' tag='040'><subfield code='a'>MiAaPQ</subfield><subfield code='b'>eng</subfield><subfield code='e'>rda</subfield><subfield code='e'>pn</subfield><subfield code='c'>MiAaPQ</subfield><subfield code='d'>MiAaPQ</subfield></datafield><datafield ind1=' ' ind2=' ' tag='041'><subfield code='a'>eng</subfield></datafield><datafield ind1=' ' ind2=' ' tag='043'><subfield code='a'>n-us---</subfield></datafield><datafield ind1=' ' ind2='4' tag='050'><subfield code='a'>LB2334</subfield><subfield code='b'>.E59 2014</subfield></datafield><datafield ind1='0' ind2='0' tag='082'><subfield code='a'>378.1/2</subfield><subfield code='2'>23</subfield></datafield><datafield ind1='0' ind2='0' tag='245'><subfield code='a'>Equality for contingent faculty :</subfield><subfield code='b'>overcoming the two-tier system /</subfield><subfield code='c'>edited by Keith Hoeller.</subfield></datafield><datafield ind1=' ' ind2='1' tag='264'><subfield code='a'>Nashville, Tennessee :</subfield><subfield code='b'>Vanderbilt University Press,</subfield><subfield code='c'>2014.</subfield></datafield><datafield ind1=' ' ind2='4' tag='264'><subfield code='c'>©2014</subfield></datafield><datafield ind1=' ' ind2=' ' tag='300'><subfield code='a'>1 online resource (pages cm)</subfield></datafield><datafield ind1=' ' ind2=' ' tag='336'><subfield code='a'>text</subfield><subfield code='2'>rdacontent</subfield></datafield><datafield ind1=' ' ind2=' ' tag='337'><subfield code='a'>unmediated</subfield><subfield code='2'>rdamedia</subfield></datafield><datafield ind1=' ' ind2=' ' tag='338'><subfield code='a'>volume</subfield><subfield code='2'>rdacarrier</subfield></datafield><datafield ind1=' ' ind2=' ' tag='504'><subfield code='a'>Includes bibliographical references and index.</subfield></datafield><datafield ind1='8' ind2=' ' tag='505'><subfield code='a'>Machine generated contents note: -- CONTENTS -- Preface -- Keith Hoeller -- Part 1: Case Studies of Progressive Change -- Organizing for Equality Within the Two-Tier System: The Experience of the California Faculty Association -- Elizabeth Hoffman and John Hess -- The Case for Instructor Tenure: Solving Contingency and Protecting Academic Freedom in Colorado -- Don Eron -- Online Teaching and the Deskilling of Academic Labor in Canada -- Natalie Sharpe and Dougal MacDonald -- Part 2: The Two-Tier System in Academe -- Organizing the New Faculty Majority: The Struggle to Achieve Equality for Contingent Faculty, Revive Our Unions, and Democratize Higher Education -- Richard Moser -- The Academic Labor System of Faculty Apartheid -- Keith Hoeller -- The Question of Academic Unions: Community (or Conflict) of Interest? -- Jack Longmate -- Do College Teachers Have to Be Scholars? -- Frank Donoghue -- Part 3: Roadmaps for Achieving Equality -- The New Abolition Movement -- Lantz Simpson -- The Vancouver Model of Equality for College Faculty Employment -- Frank Cosco.</subfield></datafield><datafield ind1=' ' ind2=' ' tag='520'><subfield code='a'>&quot;&quot;Today three-fourths of all faculty are characterized as &quot;contingent instructional staff,&quot; a nearly tenfold increase from 1975. Equality for Contingent Faculty brings together eleven successful activists from the United States and Canada to describe the problem, share case stories, and offer concrete solutions&quot;--Provided by publisher&quot;--</subfield><subfield code='c'>Provided by publisher.</subfield></datafield><datafield ind1=' ' ind2=' ' tag='520'><subfield code='a'>&quot;Vice President Joseph Biden has blamed tuition increases on the high salaries of college professors, seemingly unaware of the fact that there are now over one million faculty who earn poverty-level wages teaching off the tenure track. The Chronicle of Higher Education ran a story entitled &quot;From Graduate School to Welfare: The PhD Now Comes with Food Stamps.&quot; Today three-fourths of all faculty are characterized as &quot;contingent instructional staff,&quot; a nearly tenfold increase from 1975.  Equality for Contingent Faculty brings together eleven activists from the United States and Canada to describe the problem, share case histories, and offer concrete solutions. The book begins with three accounts of successful organizing efforts within the two-track system. The second part describes how the two-track system divides the faculty into haves and have-nots and leaves the majority without the benefit of academic freedom or the support of their institutions. The third part offers roadmaps for overcoming the deficiencies of the two-track system and providing equality for all professors, regardless of status or rank&quot;--</subfield><subfield code='c'>Provided by publisher.</subfield></datafield><datafield ind1=' ' ind2=' ' tag='588'><subfield code='a'>Description based on print version record.</subfield></datafield><datafield ind1=' ' ind2=' ' tag='500'><subfield code='a'>Bibliographic Level Mode of Issuance: Monograph</subfield></datafield><datafield ind1=' ' ind2=' ' tag='546'><subfield code='a'>English</subfield></datafield><datafield ind1=' ' ind2='0' tag='650'><subfield code='a'>College teachers, Part-time</subfield><subfield code='x'>Salaries, etc.</subfield><subfield code='z'>United States.</subfield></datafield><datafield ind1=' ' ind2='0' tag='650'><subfield code='a'>College teachers</subfield><subfield code='x'>Tenure</subfield><subfield code='z'>United States.</subfield></datafield><datafield ind1=' ' ind2='0' tag='650'><subfield code='a'>Universities and colleges</subfield><subfield code='z'>United States</subfield><subfield code='x'>Faculty.</subfield></datafield><datafield ind1=' ' ind2='4' tag='655'><subfield code='a'>Electronic books.</subfield></datafield><datafield ind1=' ' ind2=' ' tag='776'><subfield code='z'>0-8265-1950-4</subfield></datafield><datafield ind1=' ' ind2=' ' tag='776'><subfield code='z'>1-306-41047-9</subfield></datafield><datafield ind1='1' ind2=' ' tag='700'><subfield code='a'>Hoeller, Keith.</subfield></datafield><datafield ind1=' ' ind2='0' tag='830'><subfield code='a'>UPCC book collections on Project MUSE.</subfield></datafield><datafield ind1=' ' ind2=' ' tag='906'><subfield code='a'>BOOK</subfield></datafield><datafield ind1=' ' ind2=' ' tag='ADM'><subfield code='b'>2017-11-28 07:42:50</subfield><subfield code='e'>(CKB)2550000001202832</subfield><subfield code='d'>PQNKB</subfield><subfield code='f'>20160803134623.0</subfield><subfield code='a'>2014-02-09 10:10:58</subfield><subfield code='c'>false</subfield></datafield><datafield ind1=' ' ind2=' ' tag='PRT'><subfield code='a'>53394878540003811</subfield><subfield code='b'>https://sandbox01-na.alma.exlibrisgroup.com/view/uresolver/01TULI_INST/openurl?u.ignore_date_coverage=true&amp;rft.mms_id=991036817392203811</subfield><subfield code='e'>EBSCOhost</subfield><subfield code='9'>Available</subfield><subfield code='c'>EBSCOhost Academic eBook Collection (North America)</subfield><subfield code='h'>613640000000000029</subfield><subfield code='8'>53394878540003811</subfield></datafield></record>