
<record xmlns='http://www.loc.gov/MARC21/slim'><leader>00503camZa2200121zZZ4500</leader><controlfield tag='001'>991036758325403811</controlfield><controlfield tag='005'>20160622172350.0</controlfield><controlfield tag='008'>121018u2005uuuuuuuuu-|-o----u|----|eng-d</controlfield><datafield ind1=' ' ind2=' ' tag='035'><subfield code='a'>(CKB)3240000000016793</subfield></datafield><datafield ind1=' ' ind2=' ' tag='035'><subfield code='a'>(EXLCZ)993240000000016793</subfield></datafield><datafield ind1=' ' ind2=' ' tag='245'><subfield code='a'>Employment-Contingent Health Insurance, Illness, and Labor Supply of Women: Evidence from Married Women with Breast Cancer</subfield></datafield><datafield ind1=' ' ind2=' ' tag='246'><subfield code='a'>Employment-Contingent Health Insurance, Illness, and Labor Supply of Women</subfield></datafield><datafield ind1=' ' ind2=' ' tag='260'><subfield code='a'>Cambridge, Mass.</subfield><subfield code='b'>National Bureau of Economic Research</subfield></datafield><datafield ind1=' ' ind2=' ' tag='906'><subfield code='a'>DOCUMENT</subfield></datafield><datafield ind1=' ' ind2=' ' tag='ADM'><subfield code='b'>2017-06-20 23:48:43</subfield><subfield code='e'>993240000000016793</subfield><subfield code='d'>NON_SFX</subfield><subfield code='a'>2012-02-25 21:49:25</subfield><subfield code='c'>false</subfield></datafield><datafield ind1=' ' ind2=' ' tag='PRT'><subfield code='a'>53355957280003811</subfield><subfield code='b'>https://sandbox01-na.alma.exlibrisgroup.com/view/uresolver/01TULI_INST/openurl?u.ignore_date_coverage=true&amp;rft.mms_id=991036758325403811</subfield><subfield code='e'>National Bureau of Economic Research</subfield><subfield code='9'>Available</subfield><subfield code='c'>National Bureau of Economic Research</subfield><subfield code='h'>613240000000000062</subfield><subfield code='8'>53355957280003811</subfield></datafield></record>