
<record xmlns='http://www.loc.gov/MARC21/slim'><leader>01446nam a2200445 a 4500</leader><controlfield tag='005'>20170826031935.0</controlfield><controlfield tag='008'>930111s1992    nyua     b    001 0 eng  </controlfield><controlfield tag='001'>991030170649703811</controlfield><datafield ind1=' ' ind2=' ' tag='010'><subfield code='a'>92028670</subfield></datafield><datafield ind1=' ' ind2=' ' tag='020'><subfield code='a'>1563241641</subfield></datafield><datafield ind1=' ' ind2=' ' tag='020'><subfield code='a'>156324165X (pbk.)</subfield></datafield><datafield ind1=' ' ind2=' ' tag='035'><subfield code='a'>(PPT)b16206745-01tuli_inst</subfield></datafield><datafield ind1=' ' ind2=' ' tag='035'><subfield code='a'>ocn476876408</subfield><subfield code='9'>ExL</subfield></datafield><datafield ind1=' ' ind2=' ' tag='035'><subfield code='a'>PATG93-B00724</subfield></datafield><datafield ind1=' ' ind2=' ' tag='035'><subfield code='a'>ocm26397067</subfield></datafield><datafield ind1=' ' ind2=' ' tag='035'><subfield code='a'>(OCLC)ocm26397067</subfield></datafield><datafield ind1=' ' ind2=' ' tag='040'><subfield code='a'>DLC</subfield><subfield code='c'>DLC</subfield><subfield code='d'>PPT</subfield></datafield><datafield ind1=' ' ind2=' ' tag='043'><subfield code='a'>n-us---</subfield></datafield><datafield ind1=' ' ind2=' ' tag='079'><subfield code='a'>ocm26397067</subfield></datafield><datafield ind1=' ' ind2=' ' tag='090'><subfield code='a'>HD5854.2.U6N48 1992</subfield></datafield><datafield ind1='0' ind2='0' tag='245'><subfield code='a'>New policies for the part-time and contingent workforce /</subfield><subfield code='c'>Virginia duRivage, editor.</subfield></datafield><datafield ind1=' ' ind2=' ' tag='260'><subfield code='a'>Armonk, N.Y. :</subfield><subfield code='b'>M.E. Sharpe,</subfield><subfield code='c'>1992.</subfield></datafield><datafield ind1=' ' ind2=' ' tag='300'><subfield code='a'>ix, 141 p. :</subfield><subfield code='b'>ill. ;</subfield><subfield code='c'>23 cm.</subfield></datafield><datafield ind1=' ' ind2=' ' tag='504'><subfield code='a'>Includes bibliographical references (p. 123-134) and index.</subfield></datafield><datafield ind1=' ' ind2='0' tag='650'><subfield code='a'>Temporary employment</subfield><subfield code='z'>United States.</subfield></datafield><datafield ind1=' ' ind2='0' tag='650'><subfield code='a'>Part-time employment</subfield><subfield code='z'>United States.</subfield></datafield><datafield ind1=' ' ind2='0' tag='650'><subfield code='a'>Labor supply</subfield><subfield code='z'>United States.</subfield></datafield><datafield ind1=' ' ind2='0' tag='650'><subfield code='a'>Manpower policy</subfield><subfield code='z'>United States.</subfield></datafield><datafield ind1=' ' ind2='0' tag='651'><subfield code='a'>United States</subfield><subfield code='x'>Economic conditions</subfield><subfield code='y'>1981-</subfield></datafield><datafield ind1='1' ind2='0' tag='700'><subfield code='a'>DuRivage, Virginia.</subfield></datafield><datafield ind1=' ' ind2=' ' tag='902'><subfield code='a'>091211</subfield></datafield><datafield ind1=' ' ind2=' ' tag='907'><subfield code='a'>.b16206745</subfield><subfield code='b'>p    </subfield><subfield code='c'>-</subfield></datafield><datafield ind1=' ' ind2=' ' tag='935'><subfield code='a'>00678079</subfield></datafield><datafield ind1=' ' ind2=' ' tag='945'><subfield code='l'>pstk </subfield><subfield code='g'>1</subfield></datafield><datafield ind1=' ' ind2=' ' tag='945'><subfield code='l'>pstk </subfield><subfield code='g'>1</subfield></datafield><datafield ind1=' ' ind2=' ' tag='950'><subfield code='l'>P</subfield><subfield code='i'>01/11/93 N</subfield></datafield><datafield ind1=' ' ind2=' ' tag='955'><subfield code='l'>P</subfield><subfield code='c'>0</subfield><subfield code='r'>39074008950305</subfield><subfield code='i'>01/11/93 C</subfield></datafield><datafield ind1=' ' ind2=' ' tag='979'><subfield code='a'>ocm26397067</subfield></datafield><datafield ind1=' ' ind2=' ' tag='998'><subfield code='b'>2</subfield><subfield code='c'>990101</subfield><subfield code='d'>m</subfield><subfield code='e'>a</subfield><subfield code='f'>-</subfield><subfield code='g'>0</subfield></datafield><datafield ind1=' ' ind2=' ' tag='998'><subfield code='a'>01/11/93</subfield><subfield code='t'>c</subfield><subfield code='s'>9110</subfield><subfield code='n'>PPT</subfield><subfield code='w'>DCLC9228670B</subfield><subfield code='d'>01/11/93</subfield><subfield code='c'>MFK</subfield><subfield code='b'>MK</subfield><subfield code='i'>930111</subfield><subfield code='l'>PATG</subfield></datafield><datafield ind1=' ' ind2=' ' tag='ADM'><subfield code='b'>2017-08-26 07:19:35</subfield><subfield code='e'>b16206745-01tuli_inst</subfield><subfield code='d'>ILS</subfield><subfield code='a'>2017-06-20 14:20:24</subfield><subfield code='c'>false</subfield></datafield><datafield ind1='0' ind2=' ' tag='HLD'><subfield code='b'>MAIN</subfield><subfield code='c'>stacks</subfield><subfield code='h'>HD5854.2.U6N48 1992</subfield><subfield code='8'>22330950330003811</subfield></datafield><datafield ind1=' ' ind2=' ' tag='ITM'><subfield code='r'>22330950330003811</subfield><subfield code='b'>1</subfield><subfield code='h'>0</subfield><subfield code='g'>stacks</subfield><subfield code='t'>BOOK</subfield><subfield code='9'>39074008950305</subfield><subfield code='e'>stacks</subfield><subfield code='8'>23330950320003811</subfield><subfield code='a'>0</subfield><subfield code='q'>2017-06-20 14:20:24</subfield><subfield code='i'>HD5854.2.U6N48 1992</subfield><subfield code='d'>MAIN</subfield><subfield code='f'>MAIN</subfield></datafield></record>