
<record xmlns='http://www.loc.gov/MARC21/slim'><leader>03558nam a2200385   4500</leader><controlfield tag='005'>20110916101115.5</controlfield><controlfield tag='008'>110916s1992    ||||||||||||||||| ||eng d</controlfield><controlfield tag='001'>991021070749703811</controlfield><datafield ind1=' ' ind2=' ' tag='035'><subfield code='a'>(PPT)b49807985-01tuli_inst</subfield></datafield><datafield ind1=' ' ind2=' ' tag='035'><subfield code='a'>AAI9227496</subfield><subfield code='9'>ExL</subfield></datafield><datafield ind1=' ' ind2=' ' tag='035'><subfield code='a'>(UMI)AAI9227496</subfield></datafield><datafield ind1=' ' ind2=' ' tag='040'><subfield code='a'>UMI</subfield><subfield code='c'>UMI</subfield></datafield><datafield ind1='1' ind2=' ' tag='100'><subfield code='a'>Martella, Maureen.</subfield></datafield><datafield ind1='1' ind2='4' tag='245'><subfield code='a'>The rhetoric and realities of contingent work: The case of women in clerical temporary work.</subfield></datafield><datafield ind1=' ' ind2=' ' tag='300'><subfield code='a'>207 p.</subfield></datafield><datafield ind1=' ' ind2=' ' tag='500'><subfield code='a'>Source: Dissertation Abstracts International, Volume: 53-06, Section: A, page: 2122.</subfield></datafield><datafield ind1=' ' ind2=' ' tag='500'><subfield code='a'>Adviser: Sherri L. Grasmuck.</subfield></datafield><datafield ind1=' ' ind2=' ' tag='502'><subfield code='a'>Thesis (Ph.D.)--Temple University, 1992.</subfield></datafield><datafield ind1=' ' ind2=' ' tag='520'><subfield code='a'>This study adds to the debate about the causes and consequences of contingent work the perspectives of a specific group of workers: women clerical temporary workers. It uses quantitative data from a survey and qualitative data from interviews to address women&apos;s reasons for temping; the extent to which temping meets their needs and matches their expectations; the employment contract available from temporary help services; and the relationships between temporary work and other work experiences.</subfield></datafield><datafield ind1=' ' ind2=' ' tag='520'><subfield code='a'>The data do not support the prevailing labor-supply explanation that temporary work is increasing because married women with children want alternative work schedules. Rather, the majority of temporary clerical workers are single women who use temporary work as a stop-gap measure to earn income while between permanent jobs.</subfield></datafield><datafield ind1=' ' ind2=' ' tag='520'><subfield code='a'>The temporary help industry identifies flexibility as the defining feature of temporary work. However, the flexibility available from temping is limited to time off-without pay - between assignments. The large majority of temporary assignments are full-day and full-week. Women who want part-time work or some other alternative schedule were disappointed by the lack of flexible schedules available. Thus, temporary work does not offer distinct advantages for women seeking to manage competing work and family demands.</subfield></datafield><datafield ind1=' ' ind2=' ' tag='520'><subfield code='a'>For most women, temporary work is inferior to permanent jobs they have held in terms of wages, employment benefits and job security, although temporary work can pay better hourly rates than some other options for short-term, intermittent or part-time work. Women with strong labor force characteristics (high level of education, computer proficiency and work experience) are most successful at receiving higher rates and better assignments.</subfield></datafield><datafield ind1=' ' ind2=' ' tag='520'><subfield code='a'>Temporary work&apos;s primary value for women is that it provides quick access to work and is useful as an intermin strategy for earning income. Even women who do not usually work in clerical positions are able to use clerical temporary work as an alternative to unemployment and a buffer against joblessness (especially if they have education and skills).</subfield></datafield><datafield ind1=' ' ind2=' ' tag='590'><subfield code='a'>Access is available to the Temple Community through use of a networked computer with a Temple IP address.</subfield></datafield><datafield ind1=' ' ind2='4' tag='650'><subfield code='a'>Women&apos;s Studies.</subfield></datafield><datafield ind1=' ' ind2='4' tag='650'><subfield code='a'>Sociology, Individual and Family Studies.</subfield></datafield><datafield ind1=' ' ind2='4' tag='650'><subfield code='a'>Sociology, Industrial and Labor Relations.</subfield></datafield><datafield ind1=' ' ind2=' ' tag='690'><subfield code='a'>0453</subfield></datafield><datafield ind1=' ' ind2=' ' tag='690'><subfield code='a'>0628</subfield></datafield><datafield ind1=' ' ind2=' ' tag='690'><subfield code='a'>0629</subfield></datafield><datafield ind1='2' ind2=' ' tag='710'><subfield code='a'>Temple University.</subfield></datafield><datafield ind1='0' ind2=' ' tag='773'><subfield code='t'>Dissertation Abstracts International</subfield><subfield code='g'>53-06A.</subfield></datafield><datafield ind1=' ' ind2=' ' tag='856'><subfield code='z'>Access electronic resource.</subfield><subfield code='u'>http://libproxy.temple.edu/login?url=http://gateway.proquest.com/openurl?url_ver=Z39.88-2004&amp;rft_val_fmt=info:ofi/fmt:kev:mtx:dissertation&amp;res_dat=xri:pqdiss&amp;rft_dat=xri:pqdiss:9227496</subfield></datafield><datafield ind1=' ' ind2=' ' tag='907'><subfield code='a'>.b49807985</subfield><subfield code='b'>w    </subfield><subfield code='c'>-</subfield></datafield><datafield ind1=' ' ind2=' ' tag='902'><subfield code='a'>130730</subfield></datafield><datafield ind1=' ' ind2=' ' tag='998'><subfield code='b'>1</subfield><subfield code='c'>111001</subfield><subfield code='d'>m</subfield><subfield code='e'>@</subfield><subfield code='f'>-</subfield><subfield code='g'>4</subfield></datafield><datafield ind1=' ' ind2=' ' tag='945'><subfield code='l'>w    </subfield><subfield code='g'>1</subfield></datafield><datafield ind1=' ' ind2=' ' tag='ADM'><subfield code='e'>b49807985-01tuli_inst</subfield><subfield code='d'>ILS</subfield><subfield code='a'>2017-06-20 06:18:46</subfield><subfield code='c'>false</subfield></datafield><datafield ind1=' ' ind2=' ' tag='PRT'><subfield code='a'>53375414750003811</subfield><subfield code='b'>https://sandbox01-na.alma.exlibrisgroup.com/view/uresolver/01TULI_INST/openurl?u.ignore_date_coverage=true&amp;rft.mms_id=991021070749703811</subfield><subfield code='f'>Access electronic resource.</subfield><subfield code='9'>Available</subfield><subfield code='d'>MAIN</subfield><subfield code='c'>Temple University Electronic Theses and Dissertations</subfield><subfield code='8'>53375414750003811</subfield></datafield></record>