
<record xmlns='http://www.loc.gov/MARC21/slim'><leader>03573nam a22007213u 4500</leader><controlfield tag='001'>991036757707403811</controlfield><controlfield tag='005'>20170816153543.0</controlfield><controlfield tag='006'>m        d        </controlfield><controlfield tag='007'>cr -n---------</controlfield><controlfield tag='008'>140217s2014|||||||     s|||||||||||eng|d</controlfield><datafield ind1=' ' ind2=' ' tag='020'><subfield code='a'>0-8223-7700-4</subfield></datafield><datafield ind1=' ' ind2=' ' tag='035'><subfield code='a'>(CKB)2670000000519397</subfield></datafield><datafield ind1=' ' ind2=' ' tag='035'><subfield code='a'>(EBL)1632037</subfield></datafield><datafield ind1=' ' ind2=' ' tag='035'><subfield code='a'>(SSID)ssj0001107996</subfield></datafield><datafield ind1=' ' ind2=' ' tag='035'><subfield code='a'>(PQKBManifestationID)12462580</subfield></datafield><datafield ind1=' ' ind2=' ' tag='035'><subfield code='a'>(PQKBTitleCode)TC0001107996</subfield></datafield><datafield ind1=' ' ind2=' ' tag='035'><subfield code='a'>(PQKBWorkID)11086387</subfield></datafield><datafield ind1=' ' ind2=' ' tag='035'><subfield code='a'>(PQKB)11184623</subfield></datafield><datafield ind1=' ' ind2=' ' tag='035'><subfield code='a'>(EXLCZ)992670000000519397</subfield></datafield><datafield ind1=' ' ind2=' ' tag='040'><subfield code='a'>AU-PeEL</subfield><subfield code='b'>eng</subfield><subfield code='c'>AU-PeEL</subfield><subfield code='d'>AU-PeEL</subfield></datafield><datafield ind1=' ' ind2=' ' tag='041'><subfield code='a'>eng</subfield></datafield><datafield ind1=' ' ind2='4' tag='050'><subfield code='a'>RG133</subfield></datafield><datafield ind1='0' ind2='0' tag='082'><subfield code='a'>618.1/7806</subfield></datafield><datafield ind1='1' ind2=' ' tag='100'><subfield code='a'>Cooper, Melinda.</subfield></datafield><datafield ind1='1' ind2='0' tag='245'><subfield code='a'>Clinical Labor</subfield><subfield code='h'>[electronic resource] :</subfield><subfield code='b'>Tissue Donors and Research Subjects in the Global Bioeconomy</subfield></datafield><datafield ind1=' ' ind2=' ' tag='246'><subfield code='a'>Experimental Futures Ser. </subfield></datafield><datafield ind1=' ' ind2=' ' tag='246'><subfield code='a'>Clinical Labor </subfield></datafield><datafield ind1=' ' ind2=' ' tag='246'><subfield code='a'>Experimental Futures </subfield></datafield><datafield ind1=' ' ind2=' ' tag='260'><subfield code='a'>Durham :</subfield><subfield code='b'>Duke University Press,</subfield><subfield code='c'>2014.</subfield></datafield><datafield ind1=' ' ind2=' ' tag='300'><subfield code='a'>1 online resource (290 p.)</subfield></datafield><datafield ind1=' ' ind2=' ' tag='336'><subfield code='a'>text</subfield><subfield code='b'>txt</subfield></datafield><datafield ind1=' ' ind2=' ' tag='337'><subfield code='a'>computer</subfield><subfield code='b'>c</subfield></datafield><datafield ind1=' ' ind2=' ' tag='338'><subfield code='a'>online resource</subfield><subfield code='b'>cr</subfield></datafield><datafield ind1='1' ind2=' ' tag='490'><subfield code='a'>Experimental Futures</subfield></datafield><datafield ind1=' ' ind2=' ' tag='500'><subfield code='a'>Description based upon print version of record.</subfield></datafield><datafield ind1='0' ind2=' ' tag='505'><subfield code='a'>Contents; Acknowledgments; Part I. What Is Clinical Labor?; One. A Clinical Labor Theory of Value; Two. The Historical Lineages of Clinical Labor - Industrial Order, Human Capital, and the Outsourcing of Risk; Part II. From Reproductive Work to Regenerative Labor; Three. Fertility Outsourcing - Contract, Risk, and Assisted Reproductive Technology; Four. Reproductive Arbitrage - Trading Fertility across Borders; Five. Regenerative Labor - Women and the Stem Cell Industries; Part III. The Work of Experiment:  Clinical Trials and the Production of Risk</subfield></datafield><datafield ind1='8' ind2=' ' tag='505'><subfield code='a'>Six. The American Experiment - From Prison-Academic-Industrial Complex to the Outsourced ClinicSeven. Speculative Economies, Contingent Bodies - Transnational Trials in China and India; Eight. The Labor of Distributed Experiment - User-Generated Drug Innovation; Conclusion; Notes; References; Index</subfield></datafield><datafield ind1=' ' ind2=' ' tag='520'><subfield code='a'>Forms of embodied labor, such as surrogacy and participation in clinical trials, are central to biomedical innovation, but they are rarely considered as labor. The authors take on that project, analyzing what they call clinical labor and asking what such an analysis might indicate about the organization of the bio-economy and the broader organization of labor and value today.</subfield></datafield><datafield ind1=' ' ind2=' ' tag='546'><subfield code='a'>English</subfield></datafield><datafield ind1=' ' ind2='0' tag='655'><subfield code='a'>Electronic books.</subfield></datafield><datafield ind1=' ' ind2='0' tag='650'><subfield code='a'>Human reproductive technology</subfield><subfield code='x'>Economic aspects</subfield></datafield><datafield ind1=' ' ind2='0' tag='650'><subfield code='a'>Human reproductive technology</subfield><subfield code='x'>Moral and ethical aspects</subfield></datafield><datafield ind1=' ' ind2='0' tag='650'><subfield code='a'>Medical care</subfield><subfield code='x'>Technological innovations</subfield></datafield><datafield ind1=' ' ind2='2' tag='650'><subfield code='a'>Epidemiologic Study Characteristics as Topic</subfield></datafield><datafield ind1=' ' ind2='2' tag='650'><subfield code='a'>Evaluation Studies as Topic</subfield></datafield><datafield ind1=' ' ind2='2' tag='650'><subfield code='a'>Investigative Techniques</subfield></datafield><datafield ind1=' ' ind2='2' tag='650'><subfield code='a'>Therapeutics</subfield></datafield><datafield ind1=' ' ind2='2' tag='650'><subfield code='a'>Health Care Evaluation Mechanisms</subfield></datafield><datafield ind1=' ' ind2='2' tag='650'><subfield code='a'>Analytical, Diagnostic and Therapeutic Techniques and Equipment</subfield></datafield><datafield ind1=' ' ind2='2' tag='650'><subfield code='a'>Epidemiologic Methods</subfield></datafield><datafield ind1=' ' ind2='2' tag='650'><subfield code='a'>Public Health</subfield></datafield><datafield ind1=' ' ind2='2' tag='650'><subfield code='a'>Quality of Health Care</subfield></datafield><datafield ind1=' ' ind2='2' tag='650'><subfield code='a'>Health Care Quality, Access, and Evaluation</subfield></datafield><datafield ind1=' ' ind2='2' tag='650'><subfield code='a'>Environment and Public Health</subfield></datafield><datafield ind1=' ' ind2='2' tag='650'><subfield code='a'>Health Care</subfield></datafield><datafield ind1=' ' ind2='2' tag='650'><subfield code='a'>Clinical Trials as Topic</subfield></datafield><datafield ind1=' ' ind2='2' tag='650'><subfield code='a'>Reproductive Techniques</subfield></datafield><datafield ind1=' ' ind2='7' tag='650'><subfield code='a'>Medicine</subfield><subfield code='2'>HILCC</subfield></datafield><datafield ind1=' ' ind2='7' tag='650'><subfield code='a'>Health &amp; Biological Sciences</subfield><subfield code='2'>HILCC</subfield></datafield><datafield ind1=' ' ind2='7' tag='650'><subfield code='a'>Gynecology &amp; Obstetrics</subfield><subfield code='2'>HILCC</subfield></datafield><datafield ind1='1' ind2=' ' tag='700'><subfield code='a'>Waldby, Catherine.</subfield></datafield><datafield ind1=' ' ind2=' ' tag='776'><subfield code='z'>0-8223-5608-2</subfield></datafield><datafield ind1=' ' ind2='0' tag='830'><subfield code='a'>Experimental Futures</subfield></datafield><datafield ind1=' ' ind2=' ' tag='906'><subfield code='a'>BOOK</subfield></datafield><datafield ind1=' ' ind2=' ' tag='ADM'><subfield code='b'>2017-08-21 17:56:41</subfield><subfield code='e'>992670000000519397</subfield><subfield code='d'>NON_SFX</subfield><subfield code='f'>20160803134623.0</subfield><subfield code='a'>2014-03-01 21:29:16</subfield><subfield code='c'>false</subfield></datafield><datafield ind1=' ' ind2=' ' tag='PRT'><subfield code='a'>53355790030003811</subfield><subfield code='b'>https://sandbox01-na.alma.exlibrisgroup.com/view/uresolver/01TULI_INST/openurl?u.ignore_date_coverage=true&amp;rft.mms_id=991036757707403811</subfield><subfield code='e'>eDuke eBooks</subfield><subfield code='9'>Available</subfield><subfield code='c'>eDuke 2014 Books</subfield><subfield code='h'>613430000000000009</subfield><subfield code='8'>53355790030003811</subfield></datafield></record>