
<record xmlns='http://www.loc.gov/MARC21/slim'><leader>02520cam a2200529 i 4500</leader><controlfield tag='005'>20170826003436.0</controlfield><controlfield tag='008'>130626s2014    ncu      b    001 0 eng c</controlfield><controlfield tag='001'>991003026209703811</controlfield><datafield ind1=' ' ind2=' ' tag='010'><subfield code='a'>2013025654</subfield></datafield><datafield ind1=' ' ind2=' ' tag='020'><subfield code='a'>9780822356080 (cloth : alk. paper)</subfield></datafield><datafield ind1=' ' ind2=' ' tag='020'><subfield code='a'>0822356082 (cloth : alk. paper)</subfield></datafield><datafield ind1=' ' ind2=' ' tag='020'><subfield code='a'>9780822356226 (pbk. : alk. paper)</subfield></datafield><datafield ind1=' ' ind2=' ' tag='020'><subfield code='a'>0822356228 (pbk. : alk. paper)</subfield></datafield><datafield ind1=' ' ind2=' ' tag='035'><subfield code='a'>(PPT)b56161906-01tuli_inst</subfield></datafield><datafield ind1=' ' ind2=' ' tag='035'><subfield code='a'>(OCoLC)ocn881211313</subfield><subfield code='9'>ExL</subfield></datafield><datafield ind1=' ' ind2=' ' tag='035'><subfield code='a'>(OCoLC)853435884</subfield></datafield><datafield ind1=' ' ind2=' ' tag='035'><subfield code='a'>ocn853435884</subfield></datafield><datafield ind1=' ' ind2=' ' tag='035'><subfield code='a'>(OCLC)ocn853435884</subfield></datafield><datafield ind1=' ' ind2=' ' tag='040'><subfield code='a'>NcD/DLC</subfield><subfield code='b'>eng</subfield><subfield code='e'>rda</subfield><subfield code='c'>NDD</subfield><subfield code='d'>DLC</subfield><subfield code='d'>OCLCO</subfield><subfield code='d'>YDXCP</subfield><subfield code='d'>BTCTA</subfield><subfield code='d'>BDX</subfield><subfield code='d'>UKMGB</subfield><subfield code='d'>DGU</subfield><subfield code='d'>COO</subfield><subfield code='d'>CDX</subfield><subfield code='d'>ZCU</subfield><subfield code='d'>OHS</subfield><subfield code='d'>PUL</subfield></datafield><datafield ind1=' ' ind2=' ' tag='042'><subfield code='a'>pcc</subfield></datafield><datafield ind1=' ' ind2=' ' tag='079'><subfield code='a'>ocn853435884</subfield></datafield><datafield ind1=' ' ind2=' ' tag='090'><subfield code='a'>RG133.5</subfield><subfield code='b'>.C669 2014</subfield></datafield><datafield ind1=' ' ind2=' ' tag='096'><subfield code='a'>WQ 208 C777c 2014</subfield></datafield><datafield ind1='1' ind2=' ' tag='100'><subfield code='a'>Cooper, Melinda,</subfield><subfield code='e'>author.</subfield></datafield><datafield ind1='1' ind2='0' tag='245'><subfield code='a'>Clinical labor :</subfield><subfield code='b'>tissue donors and research subjects in the global bioeconomy /</subfield><subfield code='c'>Melinda Cooper &amp; Catherine Waldby.</subfield></datafield><datafield ind1=' ' ind2='1' tag='264'><subfield code='a'>Durham ;</subfield><subfield code='a'>London :</subfield><subfield code='b'>Duke University Press,</subfield><subfield code='c'>2014.</subfield></datafield><datafield ind1=' ' ind2=' ' tag='300'><subfield code='a'>ix, 279 pages ;</subfield><subfield code='c'>23 cm </subfield></datafield><datafield ind1=' ' ind2=' ' tag='336'><subfield code='a'>text</subfield><subfield code='b'>txt</subfield><subfield code='2'>rdacontent</subfield></datafield><datafield ind1=' ' ind2=' ' tag='337'><subfield code='a'>unmediated</subfield><subfield code='b'>n</subfield><subfield code='2'>rdamedia</subfield></datafield><datafield ind1=' ' ind2=' ' tag='338'><subfield code='a'>volume</subfield><subfield code='b'>nc</subfield><subfield code='2'>rdacarrier</subfield></datafield><datafield ind1='1' ind2=' ' tag='490'><subfield code='a'>Experimental futures</subfield></datafield><datafield ind1=' ' ind2=' ' tag='504'><subfield code='a'>Includes bibliographical references (pages 243-271) and index.</subfield></datafield><datafield ind1='0' ind2=' ' tag='505'><subfield code='a'>A clinical labor theory of value -- The historical lineages of clinical labor : industrial order, human capital, and the outsourcing of risk -- Fertility outsourcing : contract, risk, and assisted reproductive technology -- Reproductive arbitrage : trading fertility across borders -- Regenerative labor : women and the stem cell industries -- The American experiment : from prison-academic-industrial complex to the outsourced clinic -- Speculative economies, contingent bodies : transnational trials in China and India -- The labor of distributed experiment : user-generated drug innovation.</subfield></datafield><datafield ind1=' ' ind2='2' tag='650'><subfield code='a'>Reproductive Techniques, Assisted</subfield><subfield code='x'>economics.</subfield></datafield><datafield ind1=' ' ind2='2' tag='650'><subfield code='a'>Reproductive Techniques, Assisted</subfield><subfield code='x'>ethics.</subfield></datafield><datafield ind1=' ' ind2='2' tag='650'><subfield code='a'>Biomedical Technology</subfield><subfield code='x'>trends.</subfield></datafield><datafield ind1=' ' ind2='0' tag='650'><subfield code='a'>Human reproductive technology</subfield><subfield code='x'>Economic aspects.</subfield></datafield><datafield ind1=' ' ind2='0' tag='650'><subfield code='a'>Human reproductive technology</subfield><subfield code='x'>Moral and ethical aspects.</subfield></datafield><datafield ind1=' ' ind2='0' tag='650'><subfield code='a'>Medical care</subfield><subfield code='x'>Technological innovations.</subfield></datafield><datafield ind1='1' ind2=' ' tag='700'><subfield code='a'>Waldby, Cathy,</subfield><subfield code='e'>author.</subfield></datafield><datafield ind1=' ' ind2='0' tag='830'><subfield code='a'>Experimental futures</subfield></datafield><datafield ind1=' ' ind2=' ' tag='902'><subfield code='a'>150804</subfield></datafield><datafield ind1=' ' ind2=' ' tag='907'><subfield code='a'>.b56161906</subfield><subfield code='b'>p    </subfield><subfield code='c'>-</subfield></datafield><datafield ind1=' ' ind2=' ' tag='945'><subfield code='l'>pstk </subfield><subfield code='g'>1</subfield></datafield><datafield ind1=' ' ind2=' ' tag='979'><subfield code='a'>ocn853435884</subfield></datafield><datafield ind1=' ' ind2=' ' tag='998'><subfield code='b'>0</subfield><subfield code='c'>140523</subfield><subfield code='d'>m</subfield><subfield code='e'>a</subfield><subfield code='f'>-</subfield><subfield code='g'>0</subfield></datafield><datafield ind1=' ' ind2=' ' tag='998'><subfield code='a'>05/23/14</subfield><subfield code='s'>LC</subfield><subfield code='c'>YL</subfield></datafield><datafield ind1='0' ind2=' ' tag='HLD'><subfield code='b'>MAIN</subfield><subfield code='c'>stacks</subfield><subfield code='h'>RG133.5</subfield><subfield code='i'>.C669 2014</subfield><subfield code='8'>22250025620003811</subfield></datafield><datafield ind1=' ' ind2=' ' tag='ITM'><subfield code='b'>1</subfield><subfield code='h'>0</subfield><subfield code='g'>stacks</subfield><subfield code='9'>39074029703709</subfield><subfield code='e'>stacks</subfield><subfield code='8'>23250025610003811</subfield><subfield code='a'>0</subfield><subfield code='q'>2017-06-20 06:33:23</subfield><subfield code='i'>RG133.5 .C669 2014</subfield><subfield code='d'>MAIN</subfield><subfield code='r'>2018-04-24 12:34:15</subfield><subfield code='f'>MAIN</subfield></datafield></record>