
<record xmlns='http://www.loc.gov/MARC21/slim'><leader>02667nam a22005054i 4500</leader><controlfield tag='005'>20140107103530.0</controlfield><controlfield tag='006'>m     o  d        </controlfield><controlfield tag='007'>cr cn|||||||||</controlfield><controlfield tag='008'>140107s2014    ncu     ob    001 0 eng d</controlfield><controlfield tag='001'>991012103969703811</controlfield><datafield ind1=' ' ind2=' ' tag='020'><subfield code='a'>9780822377009</subfield></datafield><datafield ind1=' ' ind2=' ' tag='020'><subfield code='a'>0822377004</subfield></datafield><datafield ind1=' ' ind2=' ' tag='020'><subfield code='z'>9780822356080 (cloth : alk. paper)</subfield></datafield><datafield ind1=' ' ind2=' ' tag='020'><subfield code='z'>0822356082 (cloth : alk. paper)</subfield></datafield><datafield ind1=' ' ind2=' ' tag='020'><subfield code='z'>9780822356226 (pbk. : alk. paper)</subfield></datafield><datafield ind1=' ' ind2=' ' tag='020'><subfield code='z'>0822356228 (pbk. : alk. paper)</subfield></datafield><datafield ind1=' ' ind2=' ' tag='035'><subfield code='a'>(PPT)b5841129x-01tuli_inst</subfield></datafield><datafield ind1=' ' ind2=' ' tag='035'><subfield code='a'>|a867661156</subfield><subfield code='9'>ExL</subfield></datafield><datafield ind1=' ' ind2=' ' tag='035'><subfield code='a'>867661156</subfield></datafield><datafield ind1=' ' ind2=' ' tag='040'><subfield code='a'>NDD</subfield><subfield code='b'>eng</subfield><subfield code='e'>rda</subfield><subfield code='c'>NDD</subfield></datafield><datafield ind1=' ' ind2=' ' tag='090'><subfield code='a'>RG133.5</subfield><subfield code='b'>.C669 2014eb</subfield></datafield><datafield ind1='1' ind2=' ' tag='100'><subfield code='a'>Cooper, Melinda.</subfield></datafield><datafield ind1='1' ind2='0' tag='245'><subfield code='a'>Clinical labor</subfield><subfield code='h'>[electronic resource] :</subfield><subfield code='b'>tissue donors and research subjects in the global bioeconomy /</subfield><subfield code='c'>Melinda Cooper and Catherine Waldby.</subfield></datafield><datafield ind1=' ' ind2='1' tag='264'><subfield code='a'>Durham :</subfield><subfield code='b'>Duke University Press,</subfield><subfield code='c'>2014.</subfield></datafield><datafield ind1=' ' ind2=' ' tag='300'><subfield code='a'>1 online resource (ix, 279 pages)</subfield></datafield><datafield ind1=' ' ind2=' ' tag='336'><subfield code='a'>text</subfield><subfield code='2'>rdacontent</subfield></datafield><datafield ind1=' ' ind2=' ' tag='337'><subfield code='a'>computer</subfield><subfield code='2'>rdamedia</subfield></datafield><datafield ind1=' ' ind2=' ' tag='338'><subfield code='a'>online resource</subfield><subfield code='2'>rdacarrier</subfield></datafield><datafield ind1='1' ind2=' ' tag='490'><subfield code='a'>Experimental futures</subfield></datafield><datafield ind1=' ' ind2=' ' tag='504'><subfield code='a'>Includes bibliographical references and index.</subfield></datafield><datafield ind1='0' ind2=' ' tag='505'><subfield code='a'>A clinical labor theory of value -- The historical lineages of clinical labor : industrial order, human capital, and the outsourcing of risk -- Fertility outsourcing : contract, risk, and assisted reproductive technology -- Reproductive arbitrage : trading fertility across borders -- Regenerative labor : women and the stem cell industries -- The American experiment : from prison-academic-industrial complex to the outsourced clinic -- Speculative economies, contingent bodies : transnational trials in China and India -- The labor of distributed experiment : user-generated drug innovation.</subfield></datafield><datafield ind1=' ' ind2=' ' tag='588'><subfield code='a'>Description based on print version record.</subfield></datafield><datafield ind1=' ' ind2=' ' tag='590'><subfield code='a'>Access is available to the Temple Community through use of a networked computer with a Temple IP address.</subfield></datafield><datafield ind1=' ' ind2='0' tag='650'><subfield code='a'>Human reproductive technology</subfield><subfield code='x'>Economic aspects.</subfield></datafield><datafield ind1=' ' ind2='0' tag='650'><subfield code='a'>Human reproductive technology</subfield><subfield code='x'>Moral and ethical aspects.</subfield></datafield><datafield ind1=' ' ind2='0' tag='650'><subfield code='a'>Medical care</subfield><subfield code='x'>Technological innovations.</subfield></datafield><datafield ind1=' ' ind2='0' tag='655'><subfield code='a'>Electronic books.</subfield></datafield><datafield ind1='1' ind2=' ' tag='700'><subfield code='a'>Waldby, Cathy.</subfield></datafield><datafield ind1='2' ind2=' ' tag='710'><subfield code='a'>e-Duke books scholarly collection.</subfield></datafield><datafield ind1='0' ind2='8' tag='776'><subfield code='i'>Print version:</subfield><subfield code='a'>Cooper, Melinda.</subfield><subfield code='t'>Clinical labor.</subfield><subfield code='d'>Durham : Duke University Press, 2014</subfield><subfield code='z'>9780822356080</subfield><subfield code='z'>9780822356226</subfield><subfield code='w'>(DLC)  2013025654</subfield><subfield code='w'>(OCoLC)853435884</subfield></datafield><datafield ind1=' ' ind2='0' tag='830'><subfield code='a'>Experimental futures</subfield></datafield><datafield ind1='4' ind2='0' tag='856'><subfield code='a'>zAccess full text online.</subfield><subfield code='u'>http://libproxy.temple.edu/login?url=http://dx.doi.org/10.1215/9780822377009</subfield></datafield><datafield ind1=' ' ind2=' ' tag='907'><subfield code='a'>.b5841129x</subfield><subfield code='b'>w    </subfield><subfield code='c'>-</subfield></datafield><datafield ind1=' ' ind2=' ' tag='902'><subfield code='a'>151005</subfield></datafield><datafield ind1=' ' ind2=' ' tag='998'><subfield code='b'>1</subfield><subfield code='c'>151010</subfield><subfield code='d'>m</subfield><subfield code='e'>@</subfield><subfield code='f'>-</subfield><subfield code='g'>0</subfield></datafield><datafield ind1=' ' ind2=' ' tag='902'><subfield code='a'>e-Duke books scholarly collection 2015-10-05</subfield></datafield><datafield ind1=' ' ind2=' ' tag='945'><subfield code='l'>w    </subfield><subfield code='g'>1</subfield></datafield><datafield ind1=' ' ind2=' ' tag='PRT'><subfield code='a'>53384094320003811</subfield><subfield code='b'>https://sandbox01-na.alma.exlibrisgroup.com/view/uresolver/01TULI_INST/openurl?u.ignore_date_coverage=true&amp;rft.mms_id=991012103969703811</subfield><subfield code='d'>MAIN</subfield><subfield code='c'>e-Duke Books Scholarly Collection</subfield><subfield code='8'>53384094320003811</subfield></datafield></record>