
<record xmlns='http://www.loc.gov/MARC21/slim'><leader>02176pam a22005174a 4500</leader><controlfield tag='005'>20180315120334.0</controlfield><controlfield tag='008'>090608s2009    ncu      b    001 0 eng c</controlfield><controlfield tag='001'>991000066729703811</controlfield><datafield ind1=' ' ind2=' ' tag='010'><subfield code='a'>2009022398</subfield></datafield><datafield ind1=' ' ind2=' ' tag='020'><subfield code='a'>9780822346227 (cloth : alk. paper)</subfield></datafield><datafield ind1=' ' ind2=' ' tag='020'><subfield code='a'>0822346222 (cloth : alk. paper)</subfield></datafield><datafield ind1=' ' ind2=' ' tag='020'><subfield code='a'>9780822346340 (pbk. : alk. paper)</subfield></datafield><datafield ind1=' ' ind2=' ' tag='020'><subfield code='a'>0822346346 (pbk. : alk. paper)</subfield></datafield><datafield ind1=' ' ind2=' ' tag='035'><subfield code='a'>(PPT)b41627337-01tuli_inst</subfield></datafield><datafield ind1=' ' ind2=' ' tag='035'><subfield code='a'>(OCoLC)ocn656799543</subfield><subfield code='9'>ExL</subfield></datafield><datafield ind1=' ' ind2=' ' tag='035'><subfield code='a'>(OCoLC)319500663</subfield></datafield><datafield ind1=' ' ind2=' ' tag='035'><subfield code='a'>ocn319500663</subfield></datafield><datafield ind1=' ' ind2=' ' tag='035'><subfield code='a'>(OCLC)ocn319500663</subfield></datafield><datafield ind1=' ' ind2=' ' tag='040'><subfield code='a'>NcD/DLC</subfield><subfield code='c'>DLC</subfield><subfield code='d'>BTCTA</subfield><subfield code='d'>YDXCP</subfield><subfield code='d'>C#P</subfield></datafield><datafield ind1='1' ind2=' ' tag='041'><subfield code='a'>eng</subfield><subfield code='h'>ita</subfield></datafield><datafield ind1=' ' ind2=' ' tag='042'><subfield code='a'>pcc</subfield></datafield><datafield ind1=' ' ind2=' ' tag='079'><subfield code='a'>ocn319500663</subfield></datafield><datafield ind1=' ' ind2=' ' tag='090'><subfield code='a'>BS580.J5</subfield><subfield code='b'>N4413 2009</subfield></datafield><datafield ind1='1' ind2=' ' tag='100'><subfield code='a'>Negri, Antonio,</subfield><subfield code='d'>1933-</subfield></datafield><datafield ind1='0' ind2='0' tag='240'><subfield code='a'>Lavoro di Giobbe.</subfield><subfield code='l'>English</subfield></datafield><datafield ind1='1' ind2='4' tag='245'><subfield code='a'>The labor of Job :</subfield><subfield code='b'>the biblical text as a parable of human labor /</subfield><subfield code='c'>Antonio Negri ; foreword by Michael Hardt ; translated by Matteo Mandarini ; commentary by Roland Boer.</subfield></datafield><datafield ind1=' ' ind2=' ' tag='260'><subfield code='a'>Durham :</subfield><subfield code='b'>Duke University Press,</subfield><subfield code='c'>2009.</subfield></datafield><datafield ind1=' ' ind2=' ' tag='300'><subfield code='a'>xxiv, 138 p. ;</subfield><subfield code='c'>22 cm.</subfield></datafield><datafield ind1='1' ind2=' ' tag='490'><subfield code='a'>New slant</subfield></datafield><datafield ind1=' ' ind2=' ' tag='500'><subfield code='a'>&quot;The English translation of this work is from the Italian edition: Il lavoro di Giobbe. Il famoso testo biblico come parabola del lavoro umano. Roma: Manifestolibri, 2002&quot;--T.p. verso.</subfield></datafield><datafield ind1=' ' ind2=' ' tag='504'><subfield code='a'>Includes bibliographical references and index.</subfield></datafield><datafield ind1='0' ind2=' ' tag='505'><subfield code='a'>Foreword : creation beyond measure / Michael Hardt -- Preface to the 2002 edition -- Introduction -- The difference of Job -- Of the absoluteness of the contingent -- The adversary and the avenger -- The chaos of being -- The dispositif of the Messiah -- The constitution of power -- Ethics as creation -- Negri, Job, and the Bible / Roland Boer.</subfield></datafield><datafield ind1='0' ind2='0' tag='600'><subfield code='a'>Job</subfield><subfield code='c'>(Biblical figure)</subfield></datafield><datafield ind1='0' ind2='0' tag='630'><subfield code='a'>Bible.</subfield><subfield code='p'>Job.</subfield></datafield><datafield ind1='1' ind2=' ' tag='700'><subfield code='a'>Boer, Roland,</subfield><subfield code='d'>1961-</subfield></datafield><datafield ind1=' ' ind2='0' tag='830'><subfield code='a'>New slant.</subfield></datafield><datafield ind1=' ' ind2=' ' tag='901'><subfield code='a'>BNA</subfield></datafield><datafield ind1=' ' ind2=' ' tag='901'><subfield code='a'>R0816267</subfield></datafield><datafield ind1=' ' ind2=' ' tag='902'><subfield code='a'>091202AB0701</subfield></datafield><datafield ind1='0' ind2='0' tag='905'><subfield code='a'>New slant : religion, politics, ontology</subfield></datafield><datafield ind1=' ' ind2=' ' tag='907'><subfield code='a'>.b41627337</subfield><subfield code='b'>multi</subfield><subfield code='c'>-</subfield></datafield><datafield ind1=' ' ind2=' ' tag='945'><subfield code='l'>astk </subfield><subfield code='g'>1</subfield></datafield><datafield ind1=' ' ind2=' ' tag='945'><subfield code='l'>pstk </subfield><subfield code='g'>1</subfield></datafield><datafield ind1=' ' ind2=' ' tag='979'><subfield code='a'>ocn319500663</subfield></datafield><datafield ind1=' ' ind2=' ' tag='998'><subfield code='b'>4</subfield><subfield code='c'>091211</subfield><subfield code='d'>m</subfield><subfield code='e'>a</subfield><subfield code='f'>-</subfield><subfield code='g'>4</subfield></datafield><datafield ind1=' ' ind2=' ' tag='998'><subfield code='b'>1</subfield><subfield code='c'>091211</subfield><subfield code='d'>m</subfield><subfield code='e'>a</subfield><subfield code='f'>-</subfield><subfield code='g'>4</subfield></datafield><datafield ind1=' ' ind2=' ' tag='ADM'><subfield code='b'>2018-03-15 16:03:34</subfield><subfield code='e'>b41627337-01tuli_inst</subfield><subfield code='d'>ILS</subfield><subfield code='a'>2017-06-20 06:15:59</subfield><subfield code='c'>false</subfield></datafield><datafield ind1='0' ind2=' ' tag='HLD'><subfield code='b'>MAIN</subfield><subfield code='c'>stacks</subfield><subfield code='h'>BS580.J5</subfield><subfield code='i'>N4413 2009</subfield><subfield code='8'>22244302860003811</subfield></datafield><datafield ind1='0' ind2=' ' tag='HLD'><subfield code='b'>AMBLER</subfield><subfield code='c'>stacks</subfield><subfield code='h'>BS580.J5</subfield><subfield code='i'>N4413 2009</subfield><subfield code='8'>22244302830003811</subfield></datafield><datafield ind1=' ' ind2=' ' tag='ITM'><subfield code='r'>22244302860003811</subfield><subfield code='b'>0</subfield><subfield code='u'>LOAN</subfield><subfield code='h'>0</subfield><subfield code='g'>stacks</subfield><subfield code='t'>BOOK</subfield><subfield code='9'>39074025598038</subfield><subfield code='e'>stacks</subfield><subfield code='8'>23244302840003811</subfield><subfield code='a'>0</subfield><subfield code='q'>2017-06-20 06:15:59</subfield><subfield code='i'>BS580.J5 N4413 2009</subfield><subfield code='d'>MAIN</subfield><subfield code='f'>MAIN</subfield></datafield><datafield ind1=' ' ind2=' ' tag='ITM'><subfield code='r'>22244302830003811</subfield><subfield code='b'>1</subfield><subfield code='h'>0</subfield><subfield code='g'>stacks</subfield><subfield code='t'>BOOK</subfield><subfield code='9'>39074025142902</subfield><subfield code='e'>stacks</subfield><subfield code='8'>23244302820003811</subfield><subfield code='a'>0</subfield><subfield code='q'>2017-06-20 06:15:59</subfield><subfield code='i'>BS580.J5 N4413 2009</subfield><subfield code='d'>AMBLER</subfield><subfield code='f'>AMBLER</subfield></datafield></record>