
<record xmlns='http://www.loc.gov/MARC21/slim'><leader>02331nam  22004574a 4500</leader><controlfield tag='001'>991036757684003811</controlfield><controlfield tag='005'>20170815154955.0</controlfield><controlfield tag='006'>m     o  d |      </controlfield><controlfield tag='007'>cr -n---------</controlfield><controlfield tag='008'>100223s2009    ncu     ob    001 0 eng d</controlfield><datafield ind1=' ' ind2=' ' tag='020'><subfield code='a'>1-283-03636-3</subfield></datafield><datafield ind1=' ' ind2=' ' tag='020'><subfield code='a'>9786613036360</subfield></datafield><datafield ind1=' ' ind2=' ' tag='020'><subfield code='a'>0-8223-9201-1</subfield></datafield><datafield ind1=' ' ind2=' ' tag='035'><subfield code='a'>(CKB)2510000000002377</subfield></datafield><datafield ind1=' ' ind2=' ' tag='035'><subfield code='a'>(EBL)1171768</subfield></datafield><datafield ind1=' ' ind2=' ' tag='035'><subfield code='a'>(OCoLC)526477242</subfield></datafield><datafield ind1=' ' ind2=' ' tag='035'><subfield code='a'>(SSID)ssj0000393016</subfield></datafield><datafield ind1=' ' ind2=' ' tag='035'><subfield code='a'>(PQKBManifestationID)11277938</subfield></datafield><datafield ind1=' ' ind2=' ' tag='035'><subfield code='a'>(PQKBTitleCode)TC0000393016</subfield></datafield><datafield ind1=' ' ind2=' ' tag='035'><subfield code='a'>(PQKBWorkID)10372786</subfield></datafield><datafield ind1=' ' ind2=' ' tag='035'><subfield code='a'>(PQKB)10595986</subfield></datafield><datafield ind1=' ' ind2=' ' tag='035'><subfield code='a'>(MiAaPQ)EBC1171768</subfield></datafield><datafield ind1=' ' ind2=' ' tag='035'><subfield code='a'>(EXLCZ)992510000000002377</subfield></datafield><datafield ind1=' ' ind2=' ' tag='040'><subfield code='a'>MiAaPQ</subfield><subfield code='c'>MiAaPQ</subfield><subfield code='d'>MiAaPQ</subfield></datafield><datafield ind1=' ' ind2=' ' tag='041'><subfield code='a'>eng</subfield></datafield><datafield ind1=' ' ind2=' ' tag='049'><subfield code='a'>NDDP</subfield></datafield><datafield ind1=' ' ind2='4' tag='050'><subfield code='a'>BS580.J5</subfield><subfield code='b'>N4413 2009</subfield></datafield><datafield ind1='0' ind2='0' tag='082'><subfield code='a'>223/.106</subfield></datafield><datafield ind1='1' ind2=' ' tag='100'><subfield code='a'>Negri, Antonio,</subfield><subfield code='d'>1933-</subfield></datafield><datafield ind1='1' ind2='0' tag='240'><subfield code='a'>Lavoro di Giobbe.</subfield><subfield code='l'>English</subfield></datafield><datafield ind1='1' ind2='4' tag='245'><subfield code='a'>The labor of Job</subfield><subfield code='h'>[electronic resource] :</subfield><subfield code='b'>the biblical text as a parable of human labor /</subfield><subfield code='c'>Antonio Negri ; foreword by Michael Hardt ; translated by Matteo Mandarini ; commentary by Roland Boer.</subfield></datafield><datafield ind1=' ' ind2=' ' tag='260'><subfield code='a'>Durham :</subfield><subfield code='b'>Duke University Press,</subfield><subfield code='c'>2009.</subfield></datafield><datafield ind1=' ' ind2=' ' tag='300'><subfield code='a'>1 online resource (166 p.)</subfield></datafield><datafield ind1=' ' ind2=' ' tag='336'><subfield code='a'>text</subfield><subfield code='b'>txt</subfield></datafield><datafield ind1=' ' ind2=' ' tag='337'><subfield code='a'>computer</subfield><subfield code='b'>c</subfield></datafield><datafield ind1=' ' ind2=' ' tag='338'><subfield code='a'>online resource</subfield><subfield code='b'>cr</subfield></datafield><datafield ind1='1' ind2=' ' tag='490'><subfield code='a'>New slant</subfield></datafield><datafield ind1=' ' ind2=' ' tag='500'><subfield code='a'>Description based upon print version of record.</subfield></datafield><datafield ind1=' ' ind2=' ' tag='520'><subfield code='a'>A reinterpretation of the biblical story that envisions God as no longer a remote and transcendent judge but as a humanized redeemer or avenger, an activist, and revolutionary.</subfield></datafield><datafield ind1=' ' ind2=' ' tag='546'><subfield code='a'>English</subfield></datafield><datafield ind1='0' ind2=' ' tag='505'><subfield code='a'>Creation beyond measure / Michael Hardt -- Preface to the 2002 edition -- The difference of Job -- Of the absoluteness of the contingent -- The adversary and the avenger -- The chaos of being -- The dispositif of the Messiah -- The constitution of power -- Ethics as creation -- Negri, Job, and the Bible / Roland Boer.</subfield></datafield><datafield ind1=' ' ind2=' ' tag='504'><subfield code='a'>Includes bibliographical references and index.</subfield></datafield><datafield ind1=' ' ind2='7' tag='650'><subfield code='a'>Christianity</subfield><subfield code='2'>HILCC</subfield></datafield><datafield ind1=' ' ind2='7' tag='650'><subfield code='a'>Religion</subfield><subfield code='2'>HILCC</subfield></datafield><datafield ind1=' ' ind2='7' tag='650'><subfield code='a'>Philosophy &amp; Religion</subfield><subfield code='2'>HILCC</subfield></datafield><datafield ind1=' ' ind2='4' tag='655'><subfield code='a'>Electronic books.</subfield></datafield><datafield ind1='0' ind2='0' tag='600'><subfield code='a'>Job</subfield><subfield code='c'>(Biblical figure)</subfield></datafield><datafield ind1='0' ind2='0' tag='630'><subfield code='a'>Bible.</subfield><subfield code='p'>O.T.</subfield><subfield code='p'>Job.</subfield></datafield><datafield ind1=' ' ind2=' ' tag='776'><subfield code='z'>0-8223-4622-2</subfield></datafield><datafield ind1=' ' ind2=' ' tag='776'><subfield code='z'>0-8223-4634-6</subfield></datafield><datafield ind1='1' ind2=' ' tag='700'><subfield code='a'>Hardt, Michael,</subfield><subfield code='d'>1960-</subfield></datafield><datafield ind1='1' ind2=' ' tag='700'><subfield code='a'>Boer, Roland,</subfield><subfield code='d'>1961-</subfield></datafield><datafield ind1=' ' ind2='0' tag='830'><subfield code='a'>New Slant: Religion, Politics, Ontology</subfield></datafield><datafield ind1=' ' ind2=' ' tag='906'><subfield code='a'>BOOK</subfield></datafield><datafield ind1=' ' ind2=' ' tag='ADM'><subfield code='b'>2017-11-29 12:43:13</subfield><subfield code='e'>992510000000002377</subfield><subfield code='d'>NON_SFX</subfield><subfield code='f'>20160803134623.0</subfield><subfield code='a'>2012-02-25 23:41:05</subfield><subfield code='c'>false</subfield></datafield><datafield ind1=' ' ind2=' ' tag='PRT'><subfield code='a'>53355806410003811</subfield><subfield code='b'>https://sandbox01-na.alma.exlibrisgroup.com/view/uresolver/01TULI_INST/openurl?u.ignore_date_coverage=true&amp;rft.mms_id=991036757684003811</subfield><subfield code='e'>eDuke eBooks</subfield><subfield code='9'>Available</subfield><subfield code='c'>eDuke 2009 Books</subfield><subfield code='h'>613430000000000004</subfield><subfield code='8'>53355806410003811</subfield></datafield></record>