
<record xmlns='http://www.loc.gov/MARC21/slim'><leader>02567nam a22005054a 4500</leader><controlfield tag='005'>20180322145336.0</controlfield><controlfield tag='006'>m        d        </controlfield><controlfield tag='007'>cr cn|||||||||</controlfield><controlfield tag='008'>100223s2009    ncu     sb    001 0 eng d</controlfield><controlfield tag='001'>991002102179703811</controlfield><datafield ind1=' ' ind2=' ' tag='020'><subfield code='a'>9780822392019</subfield></datafield><datafield ind1=' ' ind2=' ' tag='020'><subfield code='a'>0822392011</subfield></datafield><datafield ind1=' ' ind2=' ' tag='020'><subfield code='z'>9780822346227 (cloth : alk. paper)</subfield></datafield><datafield ind1=' ' ind2=' ' tag='020'><subfield code='z'>0822346222 (cloth : alk. paper)</subfield></datafield><datafield ind1=' ' ind2=' ' tag='020'><subfield code='z'>9780822346340 (pbk. : alk. paper)</subfield></datafield><datafield ind1=' ' ind2=' ' tag='020'><subfield code='z'>0822346346 (pbk. : alk. paper)</subfield></datafield><datafield ind1=' ' ind2=' ' tag='035'><subfield code='a'>(PPT)b55922302-01tuli_inst</subfield></datafield><datafield ind1=' ' ind2=' ' tag='035'><subfield code='a'>|a526477242</subfield><subfield code='9'>ExL</subfield></datafield><datafield ind1=' ' ind2=' ' tag='035'><subfield code='a'>526477242</subfield></datafield><datafield ind1=' ' ind2=' ' tag='040'><subfield code='a'>NcD</subfield><subfield code='c'>NcD</subfield></datafield><datafield ind1=' ' ind2=' ' tag='090'><subfield code='a'>BS580.J5</subfield><subfield code='b'>N4413 2009eb</subfield></datafield><datafield ind1='1' ind2=' ' tag='100'><subfield code='a'>Negri, Antonio,</subfield><subfield code='d'>1933-</subfield></datafield><datafield ind1='0' ind2='0' tag='240'><subfield code='a'>Lavoro di Giobbe.</subfield><subfield code='l'>English</subfield></datafield><datafield ind1='1' ind2='4' tag='245'><subfield code='a'>The labor of Job</subfield><subfield code='h'>[electronic resource] :</subfield><subfield code='b'>the biblical text as a parable of human labor /</subfield><subfield code='c'>Antonio Negri ; foreword by Michael Hardt ; translated by Matteo Mandarini ; commentary by Roland Boer.</subfield></datafield><datafield ind1=' ' ind2=' ' tag='260'><subfield code='a'>Durham :</subfield><subfield code='b'>Duke University Press,</subfield><subfield code='c'>2009.</subfield></datafield><datafield ind1=' ' ind2=' ' tag='300'><subfield code='a'>1 online resource (xxiv, 138 p.)</subfield></datafield><datafield ind1='1' ind2=' ' tag='490'><subfield code='a'>New slant</subfield></datafield><datafield ind1=' ' ind2=' ' tag='500'><subfield code='a'>The English translation of this work is from the Italian edition: Il lavoro di Giobbe. Il famoso testo biblico come parabola del lavoro umano. Manifestolibri, 2002.</subfield></datafield><datafield ind1=' ' ind2=' ' tag='504'><subfield code='a'>Includes bibliographical references and index.</subfield></datafield><datafield ind1='0' ind2=' ' tag='505'><subfield code='a'>Creation beyond measure / Michael Hardt -- Preface to the 2002 edition -- The difference of Job -- Of the absoluteness of the contingent -- The adversary and the avenger -- The chaos of being -- The dispositif of the Messiah -- The constitution of power -- Ethics as creation -- Negri, Job, and the Bible / Roland Boer.</subfield></datafield><datafield ind1=' ' ind2=' ' tag='500'><subfield code='a'>Description based on print version record</subfield></datafield><datafield ind1=' ' ind2=' ' tag='590'><subfield code='a'>Access is available to the Temple Community through use of a networked computer with a Temple IP address.</subfield></datafield><datafield ind1='0' ind2='0' tag='600'><subfield code='a'>Job</subfield><subfield code='c'>(Biblical figure)</subfield></datafield><datafield ind1='0' ind2='0' tag='630'><subfield code='a'>Bible.</subfield><subfield code='p'>O.T.</subfield><subfield code='p'>Job.</subfield></datafield><datafield ind1=' ' ind2='0' tag='655'><subfield code='a'>Electronic books.</subfield></datafield><datafield ind1='1' ind2=' ' tag='700'><subfield code='a'>Hardt, Michael,</subfield><subfield code='d'>1960-</subfield></datafield><datafield ind1='1' ind2=' ' tag='700'><subfield code='a'>Boer, Roland,</subfield><subfield code='d'>1961-</subfield></datafield><datafield ind1='2' ind2=' ' tag='710'><subfield code='a'>e-Duke books scholarly collection.</subfield></datafield><datafield ind1='0' ind2='8' tag='776'><subfield code='i'>Print version:</subfield><subfield code='a'>Negri, Antonio, 1933-</subfield><subfield code='t'>Labor of Job</subfield><subfield code='b'>Lavoro di Giobbe. English</subfield><subfield code='d'>Durham : Duke University Press, 2009</subfield><subfield code='z'>9780822346227</subfield><subfield code='z'>0822346222</subfield><subfield code='z'>9780822346340</subfield><subfield code='z'>0822346346</subfield><subfield code='w'>(DLC)  2009022398</subfield><subfield code='w'>(OCoLC)319500663</subfield></datafield><datafield ind1=' ' ind2='0' tag='830'><subfield code='a'>New slant.</subfield></datafield><datafield ind1='4' ind2='0' tag='856'><subfield code='z'>Access full text online.</subfield><subfield code='u'>http://libproxy.temple.edu/login?url=http://dx.doi.org/10.1215/9780822392019</subfield></datafield><datafield ind1=' ' ind2=' ' tag='902'><subfield code='a'>e-Duke books scholarly collection 2014-03-13</subfield></datafield><datafield ind1=' ' ind2=' ' tag='907'><subfield code='a'>.b55922302</subfield><subfield code='b'>w    </subfield><subfield code='c'>-</subfield></datafield><datafield ind1=' ' ind2=' ' tag='945'><subfield code='l'>w    </subfield><subfield code='g'>1</subfield></datafield><datafield ind1=' ' ind2=' ' tag='998'><subfield code='b'>1</subfield><subfield code='c'>140315</subfield><subfield code='d'>m</subfield><subfield code='e'>@</subfield><subfield code='f'>-</subfield><subfield code='g'>4</subfield></datafield><datafield ind1=' ' ind2=' ' tag='PRT'><subfield code='a'>53379115520003811</subfield><subfield code='b'>https://sandbox01-na.alma.exlibrisgroup.com/view/uresolver/01TULI_INST/openurl?u.ignore_date_coverage=true&amp;rft.mms_id=991002102179703811</subfield><subfield code='f'>Access full text online.</subfield><subfield code='d'>MAIN</subfield><subfield code='c'>e-Duke Books Scholarly Collection</subfield><subfield code='8'>53379115520003811</subfield></datafield></record>