
<record xmlns='http://www.loc.gov/MARC21/slim'><leader>02584cam a2200457 a 4500</leader><controlfield tag='005'>20180315193524.0</controlfield><controlfield tag='008'>060824s2006    miua     b    001 0 eng  </controlfield><controlfield tag='001'>991024521489703811</controlfield><datafield ind1=' ' ind2=' ' tag='010'><subfield code='a'>2006026650</subfield></datafield><datafield ind1=' ' ind2=' ' tag='020'><subfield code='a'>0880992883 (pbk. : alk. paper)</subfield></datafield><datafield ind1=' ' ind2=' ' tag='020'><subfield code='a'>9780880992886 (pbk. : alk. paper)</subfield></datafield><datafield ind1=' ' ind2=' ' tag='020'><subfield code='a'>0880992891 (hardcover : alk. paper)</subfield></datafield><datafield ind1=' ' ind2=' ' tag='020'><subfield code='a'>9780880992893 (hardcover : alk. paper)</subfield></datafield><datafield ind1=' ' ind2=' ' tag='035'><subfield code='a'>(PPT)b32783085-01tuli_inst</subfield></datafield><datafield ind1=' ' ind2=' ' tag='035'><subfield code='a'>ocn491979119</subfield><subfield code='9'>ExL</subfield></datafield><datafield ind1=' ' ind2=' ' tag='035'><subfield code='a'>ocm71266352</subfield></datafield><datafield ind1=' ' ind2=' ' tag='035'><subfield code='a'>(OCLC)ocm71266352</subfield></datafield><datafield ind1=' ' ind2=' ' tag='040'><subfield code='a'>DLC</subfield><subfield code='c'>DLC</subfield><subfield code='d'>YDX</subfield><subfield code='d'>BAKER</subfield><subfield code='d'>EU0</subfield><subfield code='d'>YDXCP</subfield><subfield code='d'>DLC</subfield></datafield><datafield ind1=' ' ind2=' ' tag='043'><subfield code='a'>e------</subfield><subfield code='a'>a-ja---</subfield><subfield code='a'>n-us---</subfield></datafield><datafield ind1=' ' ind2=' ' tag='079'><subfield code='a'>ocm71266352</subfield></datafield><datafield ind1=' ' ind2=' ' tag='090'><subfield code='a'>HD5854.2.U6</subfield><subfield code='b'>S53 2006</subfield></datafield><datafield ind1='0' ind2='4' tag='245'><subfield code='a'>The shadow workforce :</subfield><subfield code='b'>perspectives on contingent work in the United States, Japan, and Europe /</subfield><subfield code='c'>Sandra E. Gleason, editor.</subfield></datafield><datafield ind1=' ' ind2=' ' tag='260'><subfield code='a'>Kalamazoo, Mich. :</subfield><subfield code='b'>W.E. Upjohn Institute for Employment Research,</subfield><subfield code='c'>2006.</subfield></datafield><datafield ind1=' ' ind2=' ' tag='300'><subfield code='a'>ix, 349 p. :</subfield><subfield code='b'>ill. ;</subfield><subfield code='c'>24 cm.</subfield></datafield><datafield ind1=' ' ind2=' ' tag='504'><subfield code='a'>Includes bibliographical references and index.</subfield></datafield><datafield ind1='0' ind2=' ' tag='505'><subfield code='a'>Operationalizing the shadow workforce : toward an understanding of the participants in nonstandard employment relationships / Courtney von Hippel, Venkat Bendapudi, Judith Tansky, David B. Greenberger, Stephen L. Mangum, and Robert L. Heneman -- Employer perspectives : competing through a flexible workforce / Douglas J. Miller and Jay B. Barney -- Union responses to the challenges of contingent work arrangements / M. Catherine Lundy, Karen Roberts, and Douglas Becker -- No safe harbor : a review of significant laws affecting contingent workers / Thomas A. Coens and Alvin L. Storrs -- Public policy and contingent workers / Jeffrey B. Wenger -- Japan&apos;s growing shadow workforce / Cynthia Ozeki and Akira Wakisaka -- Employment policies and labor union activities for part-time workers and dispatched workers in Japan / Kazunari Honda -- Temporary agency work in Europe / François Michon -- Where do we go from here? / Sandra E. Gleason.</subfield></datafield><datafield ind1=' ' ind2='0' tag='650'><subfield code='a'>Temporary employment</subfield><subfield code='z'>United States.</subfield></datafield><datafield ind1=' ' ind2='0' tag='650'><subfield code='a'>Temporary employment</subfield><subfield code='z'>Japan.</subfield></datafield><datafield ind1=' ' ind2='0' tag='650'><subfield code='a'>Temporary employment</subfield><subfield code='z'>Europe.</subfield></datafield><datafield ind1=' ' ind2='0' tag='650'><subfield code='a'>Part-time employment</subfield><subfield code='z'>United States.</subfield></datafield><datafield ind1=' ' ind2='0' tag='650'><subfield code='a'>Part-time employment</subfield><subfield code='z'>Japan.</subfield></datafield><datafield ind1=' ' ind2='0' tag='650'><subfield code='a'>Part-time employment</subfield><subfield code='z'>Europe.</subfield></datafield><datafield ind1=' ' ind2='0' tag='650'><subfield code='a'>Contracting out</subfield><subfield code='z'>United States.</subfield></datafield><datafield ind1=' ' ind2='0' tag='650'><subfield code='a'>Contracting out</subfield><subfield code='z'>Japan.</subfield></datafield><datafield ind1=' ' ind2='0' tag='650'><subfield code='a'>Contracting out</subfield><subfield code='z'>Europe.</subfield></datafield><datafield ind1='1' ind2=' ' tag='700'><subfield code='a'>Gleason, Sandra E.</subfield></datafield><datafield ind1=' ' ind2=' ' tag='907'><subfield code='a'>.b32783085</subfield><subfield code='b'>p    </subfield><subfield code='c'>-</subfield></datafield><datafield ind1=' ' ind2=' ' tag='945'><subfield code='l'>pstk </subfield><subfield code='g'>1</subfield></datafield><datafield ind1=' ' ind2=' ' tag='979'><subfield code='a'>ocm71266352</subfield></datafield><datafield ind1=' ' ind2=' ' tag='998'><subfield code='b'>0</subfield><subfield code='c'>071114</subfield><subfield code='d'>m</subfield><subfield code='e'>a</subfield><subfield code='f'>-</subfield><subfield code='g'>4</subfield></datafield><datafield ind1=' ' ind2=' ' tag='998'><subfield code='a'>11/14/07</subfield><subfield code='s'>LC</subfield><subfield code='c'>AT</subfield></datafield><datafield ind1=' ' ind2=' ' tag='ADM'><subfield code='b'>2018-03-15 23:35:24</subfield><subfield code='e'>b32783085-01tuli_inst</subfield><subfield code='d'>ILS</subfield><subfield code='a'>2017-06-20 06:32:45</subfield><subfield code='c'>false</subfield></datafield><datafield ind1='0' ind2=' ' tag='HLD'><subfield code='b'>MAIN</subfield><subfield code='c'>stacks</subfield><subfield code='h'>HD5854.2.U6</subfield><subfield code='i'>S53 2006</subfield><subfield code='8'>22249815300003811</subfield></datafield><datafield ind1=' ' ind2=' ' tag='ITM'><subfield code='r'>22249815300003811</subfield><subfield code='b'>1</subfield><subfield code='h'>0</subfield><subfield code='g'>stacks</subfield><subfield code='t'>BOOK</subfield><subfield code='9'>39074023451594</subfield><subfield code='e'>stacks</subfield><subfield code='8'>23249815270003811</subfield><subfield code='a'>0</subfield><subfield code='q'>2017-06-20 06:32:45</subfield><subfield code='i'>HD5854.2.U6 S53 2006</subfield><subfield code='d'>MAIN</subfield><subfield code='f'>MAIN</subfield></datafield></record>