
<record xmlns='http://www.loc.gov/MARC21/slim'><leader>04613cam a2200529Ki 4500</leader><controlfield tag='005'>20180315150417.0</controlfield><controlfield tag='006'>m     o  d        </controlfield><controlfield tag='007'>cr cnu---unuuu</controlfield><controlfield tag='008'>170106s2017    pau     o     001 0 eng d</controlfield><controlfield tag='001'>991032565359703811</controlfield><datafield ind1=' ' ind2=' ' tag='020'><subfield code='a'>9781522520092</subfield><subfield code='q'>(electronic bk.)</subfield></datafield><datafield ind1=' ' ind2=' ' tag='020'><subfield code='a'>1522520090</subfield><subfield code='q'>(electronic bk.)</subfield></datafield><datafield ind1=' ' ind2=' ' tag='020'><subfield code='z'>9781522520085</subfield></datafield><datafield ind1=' ' ind2=' ' tag='020'><subfield code='z'>1522520082</subfield></datafield><datafield ind1=' ' ind2=' ' tag='035'><subfield code='a'>(PPT)b64677382-01tuli_inst</subfield></datafield><datafield ind1=' ' ind2=' ' tag='035'><subfield code='a'>(OCoLC)967778299</subfield><subfield code='z'>(OCoLC)967762870</subfield><subfield code='z'>(OCoLC)968178045</subfield><subfield code='z'>(OCoLC)970041597</subfield></datafield><datafield ind1=' ' ind2=' ' tag='037'><subfield code='a'>CL0500000823</subfield><subfield code='b'>Safari Books Online</subfield></datafield><datafield ind1=' ' ind2=' ' tag='040'><subfield code='a'>N$T</subfield><subfield code='b'>eng</subfield><subfield code='e'>rda</subfield><subfield code='e'>pn</subfield><subfield code='c'>N$T</subfield><subfield code='d'>YDX</subfield><subfield code='d'>IDEBK</subfield><subfield code='d'>UMI</subfield><subfield code='d'>UIU</subfield><subfield code='d'>OCLCF</subfield><subfield code='d'>VT2</subfield></datafield><datafield ind1=' ' ind2='4' tag='050'><subfield code='a'>HD5706</subfield><subfield code='b'>.H3624 2017eb</subfield></datafield><datafield ind1='0' ind2='0' tag='245'><subfield code='a'>Handbook of Research on Unemployment and Labor Market sustainability in the Era of globalization</subfield><subfield code='h'>[electronic resource] /</subfield><subfield code='c'>Füsun Yenilmez and Esin Kiliç, editors.</subfield></datafield><datafield ind1=' ' ind2='1' tag='264'><subfield code='a'>Hershey :</subfield><subfield code='b'>Business Science Reference,</subfield><subfield code='c'>[2017]</subfield></datafield><datafield ind1=' ' ind2=' ' tag='300'><subfield code='a'>1 online resource.</subfield></datafield><datafield ind1=' ' ind2=' ' tag='336'><subfield code='a'>text</subfield><subfield code='b'>txt</subfield><subfield code='2'>rdacontent</subfield></datafield><datafield ind1=' ' ind2=' ' tag='337'><subfield code='a'>computer</subfield><subfield code='b'>c</subfield><subfield code='2'>rdamedia</subfield></datafield><datafield ind1=' ' ind2=' ' tag='338'><subfield code='a'>online resource</subfield><subfield code='b'>cr</subfield><subfield code='2'>rdacarrier</subfield></datafield><datafield ind1='1' ind2=' ' tag='490'><subfield code='a'>Advances in finance, accounting, and economics (AFAE) book series</subfield></datafield><datafield ind1='0' ind2=' ' tag='505'><subfield code='a'>Preface -- Why do labor standards differ across Muslim countries? -- Redefining the 21st century labor paradigm : role of contingent workforce in the Indian economy -- The role of international labour organization in the fight against modern slavery -- The labor market regulation -- The EU&apos;s internal market and the free movement of labor : economic effects and challenges -- Statistical analysis of women&apos;s labor force data of OECD countries -- The determinants of female labor force participation : evidence from aggregated and disaggregated panel data of developing countries -- The outlook of female labor in Turkey in the context of social gender perception from a global perspective -- The role of entrepreneurial spirit in Indonesian youths and housewives to reduce unemployment and poverty rate -- Youth unemployment in Turkey -- Considerations on the youth unemployment problem in Turkey -- Technology adoption for addressing precarious youth employment issue -- The puzzle on unemployment factors and the welfare state role in Greece : what university students believe -- Effects of Islamic banking on employment : Turkish experience -- Global trends in the construction industry : challenges of employment -- The effects of economic structural transformation on employment : an evaluation in the context of economic complexity and product space theory -- Major macroeconomic dynamics for labor market in Turkey: a causality analysis -- Employment in innovation performance : Turkey and EU countries comparison -- Economic growth, labor market segmentation, and labor productivity : a story from Indonesia -- Trade openness and unemployment in transition economies : a dynamic heterogeneous panel data analysis -- The labor market effects of immigration -- Compilation of references -- About the contributors -- Index.</subfield></datafield><datafield ind1=' ' ind2=' ' tag='520'><subfield code='a'>&quot;This book is a comprehensive reference source for the latest scholarly research on the socio-economic dynamics of unemployment and the development of new policies to assist in regulating the global labor market. Highlighting innovative approaches and relevant perspectives, such as outsourcing, trade openness, and employment protection&quot;--</subfield><subfield code='c'>Provided by publisher.</subfield></datafield><datafield ind1='0' ind2=' ' tag='588'><subfield code='a'>Print version record.</subfield></datafield><datafield ind1=' ' ind2=' ' tag='504'><subfield code='a'>Includes bibliographical references.</subfield></datafield><datafield ind1=' ' ind2=' ' tag='590'><subfield code='a'>Access is available to the Temple Community through use of a networked computer with a Temple IP address.</subfield></datafield><datafield ind1=' ' ind2='0' tag='650'><subfield code='a'>Labor market.</subfield></datafield><datafield ind1=' ' ind2='0' tag='650'><subfield code='a'>Unemployment.</subfield></datafield><datafield ind1=' ' ind2='0' tag='650'><subfield code='a'>Migrant labor.</subfield></datafield><datafield ind1=' ' ind2='0' tag='650'><subfield code='a'>Globalization</subfield><subfield code='x'>Economic aspects.</subfield></datafield><datafield ind1=' ' ind2='7' tag='650'><subfield code='a'>Globalization</subfield><subfield code='x'>Economic aspects.</subfield><subfield code='2'>fast</subfield><subfield code='0'>(OCoLC)fst00943533</subfield></datafield><datafield ind1=' ' ind2='7' tag='650'><subfield code='a'>Labor market.</subfield><subfield code='2'>fast</subfield><subfield code='0'>(OCoLC)fst00990036</subfield></datafield><datafield ind1=' ' ind2='7' tag='650'><subfield code='a'>Migrant labor.</subfield><subfield code='2'>fast</subfield><subfield code='0'>(OCoLC)fst01020711</subfield></datafield><datafield ind1=' ' ind2='7' tag='650'><subfield code='a'>Unemployment.</subfield><subfield code='2'>fast</subfield><subfield code='0'>(OCoLC)fst01161213</subfield></datafield><datafield ind1=' ' ind2='0' tag='655'><subfield code='a'>Electronic books.</subfield></datafield><datafield ind1='1' ind2=' ' tag='700'><subfield code='a'>Yenilmez, Füsun,</subfield><subfield code='d'>1969-</subfield><subfield code='e'>editor.</subfield></datafield><datafield ind1='1' ind2=' ' tag='700'><subfield code='a'>Kiliç, Esin,</subfield><subfield code='d'>1984-</subfield><subfield code='e'>editor.</subfield></datafield><datafield ind1='0' ind2='8' tag='776'><subfield code='i'>Print version:</subfield><subfield code='t'>Handbook of Research on Unemployment and Labor Market sustainability in the Era of globalization.</subfield><subfield code='d'>Hershey : Business Science Reference, [2017]</subfield><subfield code='z'>9781522520085</subfield><subfield code='w'>(DLC)  2016052311</subfield><subfield code='w'>(OCoLC)963797437</subfield></datafield><datafield ind1=' ' ind2='0' tag='830'><subfield code='a'>Advances in finance, accounting, and economics (AFAE) book series.</subfield></datafield><datafield ind1='4' ind2='0' tag='856'><subfield code='3'>IGI Global</subfield><subfield code='u'>http://libproxy.temple.edu/login?url=http://services.igi-global.com/resolvedoi/resolve.aspx?doi=10.4018/978-1-5225-2008-5</subfield></datafield><datafield ind1=' ' ind2=' ' tag='907'><subfield code='a'>.b64677382</subfield><subfield code='b'>w</subfield><subfield code='c'>n</subfield></datafield><datafield ind1=' ' ind2=' ' tag='998'><subfield code='b'>0</subfield><subfield code='d'>m</subfield><subfield code='e'>a</subfield><subfield code='f'>n</subfield><subfield code='g'>0</subfield></datafield><datafield ind1=' ' ind2=' ' tag='ADM'><subfield code='b'>2018-03-15 19:04:17</subfield><subfield code='e'>b64677382-01tuli_inst</subfield><subfield code='d'>ILS</subfield><subfield code='a'>2017-06-20 10:58:21</subfield><subfield code='c'>false</subfield></datafield><datafield ind1=' ' ind2=' ' tag='PRT'><subfield code='a'>53383738570003811</subfield><subfield code='b'>https://sandbox01-na.alma.exlibrisgroup.com/view/uresolver/01TULI_INST/openurl?u.ignore_date_coverage=true&amp;rft.mms_id=991032565359703811</subfield><subfield code='f'>Connect to MyiLibrary resource.</subfield><subfield code='9'>Not Available</subfield><subfield code='8'>53383738570003811</subfield></datafield><datafield ind1=' ' ind2=' ' tag='PRT'><subfield code='a'>53383738590003811</subfield><subfield code='b'>https://sandbox01-na.alma.exlibrisgroup.com/view/uresolver/01TULI_INST/openurl?u.ignore_date_coverage=true&amp;rft.mms_id=991032565359703811</subfield><subfield code='f'>Connect to MyiLibrary resource.</subfield><subfield code='9'>Not Available</subfield><subfield code='c'>Safari tech books online</subfield><subfield code='8'>53383738590003811</subfield></datafield><datafield ind1=' ' ind2=' ' tag='PRT'><subfield code='a'>53383738630003811</subfield><subfield code='b'>https://sandbox01-na.alma.exlibrisgroup.com/view/uresolver/01TULI_INST/openurl?u.ignore_date_coverage=true&amp;rft.mms_id=991032565359703811</subfield><subfield code='f'>Connect to MyiLibrary resource.</subfield><subfield code='9'>Available</subfield><subfield code='c'>IGI Global Reference Handbooks</subfield><subfield code='8'>53383738630003811</subfield></datafield><datafield ind1=' ' ind2=' ' tag='PRT'><subfield code='a'>53383738610003811</subfield><subfield code='b'>https://sandbox01-na.alma.exlibrisgroup.com/view/uresolver/01TULI_INST/openurl?u.ignore_date_coverage=true&amp;rft.mms_id=991032565359703811</subfield><subfield code='f'>Connect to MyiLibrary resource.</subfield><subfield code='9'>Not Available</subfield><subfield code='8'>53383738610003811</subfield></datafield><datafield ind1=' ' ind2=' ' tag='PRT'><subfield code='a'>53383738650003811</subfield><subfield code='b'>https://sandbox01-na.alma.exlibrisgroup.com/view/uresolver/01TULI_INST/openurl?u.ignore_date_coverage=true&amp;rft.mms_id=991032565359703811</subfield><subfield code='f'>Connect to MyiLibrary resource.</subfield><subfield code='9'>Not Available</subfield><subfield code='8'>53383738650003811</subfield></datafield></record>