
<record xmlns='http://www.loc.gov/MARC21/slim'><leader>04154cam a2200613 a 4500</leader><controlfield tag='005'>20170825165522.0</controlfield><controlfield tag='008'>081022s2009    nyu      b    001 0 eng  </controlfield><controlfield tag='001'>991026169729703811</controlfield><datafield ind1=' ' ind2=' ' tag='010'><subfield code='a'>2008045880</subfield></datafield><datafield ind1=' ' ind2=' ' tag='020'><subfield code='a'>0814776353</subfield></datafield><datafield ind1=' ' ind2=' ' tag='020'><subfield code='a'>9780814776292 (cl : alk. paper)</subfield></datafield><datafield ind1=' ' ind2=' ' tag='020'><subfield code='a'>0814776299 (cl : alk. paper)</subfield></datafield><datafield ind1=' ' ind2=' ' tag='020'><subfield code='a'>9780814776919 (pbk.)</subfield></datafield><datafield ind1=' ' ind2=' ' tag='020'><subfield code='a'>0814776914 (pbk.)</subfield></datafield><datafield ind1=' ' ind2=' ' tag='020'><subfield code='a'>9780814776353</subfield></datafield><datafield ind1=' ' ind2=' ' tag='035'><subfield code='a'>(PPT)b51115633-01tuli_inst</subfield></datafield><datafield ind1=' ' ind2=' ' tag='035'><subfield code='a'>(OCoLC)ocn779883261</subfield><subfield code='9'>ExL</subfield></datafield><datafield ind1=' ' ind2=' ' tag='035'><subfield code='a'>(OCoLC)273815500</subfield></datafield><datafield ind1=' ' ind2=' ' tag='035'><subfield code='a'>ocn273815500</subfield></datafield><datafield ind1=' ' ind2=' ' tag='035'><subfield code='a'>(OCLC)ocn273815500</subfield></datafield><datafield ind1=' ' ind2=' ' tag='040'><subfield code='a'>DLC</subfield><subfield code='c'>DLC</subfield><subfield code='d'>BTCTA</subfield><subfield code='d'>YDXCP</subfield><subfield code='d'>UKM</subfield><subfield code='d'>C#P</subfield><subfield code='d'>CDX</subfield><subfield code='d'>BWX</subfield><subfield code='d'>MOF</subfield><subfield code='d'>VVC</subfield><subfield code='d'>LMR</subfield><subfield code='d'>GBVCP</subfield><subfield code='d'>IOE</subfield><subfield code='d'>GEBAY</subfield><subfield code='d'>ALAUL</subfield><subfield code='d'>E5G</subfield><subfield code='d'>DEBBG</subfield><subfield code='d'>MIX</subfield><subfield code='d'>TUU</subfield><subfield code='d'>UKMGB</subfield></datafield><datafield ind1=' ' ind2=' ' tag='079'><subfield code='a'>ocn273815500</subfield></datafield><datafield ind1=' ' ind2=' ' tag='090'><subfield code='a'>HF5382.55</subfield><subfield code='b'>.R67 2009</subfield></datafield><datafield ind1='1' ind2=' ' tag='100'><subfield code='a'>Ross, Andrew,</subfield><subfield code='d'>1956-</subfield></datafield><datafield ind1='1' ind2='0' tag='245'><subfield code='a'>Nice work if you can get it :</subfield><subfield code='b'>life and labor in precarious times /</subfield><subfield code='c'>Andrew Ross.</subfield></datafield><datafield ind1='3' ind2='0' tag='246'><subfield code='a'>Life and labor in precarious times</subfield></datafield><datafield ind1=' ' ind2=' ' tag='260'><subfield code='a'>New York :</subfield><subfield code='b'>New York University Press,</subfield><subfield code='c'>c2009.</subfield></datafield><datafield ind1=' ' ind2=' ' tag='300'><subfield code='a'>viii, 264 p. ;</subfield><subfield code='c'>24 cm.</subfield></datafield><datafield ind1='1' ind2=' ' tag='490'><subfield code='a'>NYU series in social and cultural analysis</subfield></datafield><datafield ind1=' ' ind2=' ' tag='504'><subfield code='a'>Includes bibliographical references (p. 219-243) and index.</subfield></datafield><datafield ind1='0' ind2=' ' tag='505'><subfield code='a'>The mercurial career of creative industries policymaking in the United Kingdom, the European Union, and the United States -- China&apos;s next cultural revolution? -- The Olympic goose that lays the golden egg -- Teamsters, turtles, and tainted toys -- Learning from San Ysidro -- The copyfight over intellectual property -- The rise of the global university -- Conclusion: maps and charters.</subfield></datafield><datafield ind1=' ' ind2=' ' tag='520'><subfield code='a'>&quot;Is job insecurity the new norm? With fewer and fewer people working in steady, long-term positions for one employer, has the dream of a secure job with full benefits and a decent salary become just that - a dream? In Nice Work If You Can Get It, Andrew Ross surveys the new topography of the global workplace and finds an emerging pattern of labor instability and uneven development on a massive scale. Combining detailed case studies with lucid analysis and graphic prose, he looks at what the new landscape of contingent employment means for workers across national, class, and racial lines - from the emerging &quot;creative class&quot; of high-wage professionals to the multitudes of temporary, migrant, or low-wage workers. Developing the idea of &quot;precarious livelihoods&quot; to describe this new world of work and life, Ross explores what it means in developed nations - comparing the creative industry policies of the United States, United Kingdom, and European Union, as well as developing countries - by examining the quick fire transformation of China&apos;s labor market. He also responds to the challenge of sustainability, assessing the promise of &quot;green jobs&quot; through restorative alliances between labor advocates and environmentalists. Ross argues that regardless of one&apos;s views on labor rights, globalization, and quality of life, this new precarious and &quot;indefinite life,&amp;&quot; and the pitfalls and opportunities that accompany it is likely here to stay and must be addressed in a systematic way. A more equitable kind of knowledge society emerges in these pages - less skewed toward flexploitation and the speculative beneficiaries of intellectual property, and more in tune with ideals and practices that are fair, just, and renewable.&quot; -- from book jacket.</subfield></datafield><datafield ind1='0' ind2='4' tag='650'><subfield code='a'>Arbeitsmarkt.</subfield></datafield><datafield ind1='0' ind2='4' tag='650'><subfield code='a'>Arbeitsmarktpolitik.</subfield></datafield><datafield ind1='0' ind2='4' tag='650'><subfield code='a'>Arbeitsverhältnis.</subfield></datafield><datafield ind1='0' ind2='4' tag='650'><subfield code='a'>Befristeter Arbeitsvertrag.</subfield></datafield><datafield ind1='0' ind2='4' tag='650'><subfield code='a'>Globalisierung.</subfield></datafield><datafield ind1='0' ind2='4' tag='650'><subfield code='a'>Lebensqualität.</subfield></datafield><datafield ind1='0' ind2='4' tag='650'><subfield code='a'>Ungeschützte Beschäftigung.</subfield></datafield><datafield ind1='0' ind2='4' tag='650'><subfield code='a'>Vergleich.</subfield></datafield><datafield ind1=' ' ind2='0' tag='650'><subfield code='a'>Employment (Economic theory)</subfield><subfield code='z'>Foreign countries.</subfield></datafield><datafield ind1=' ' ind2='0' tag='650'><subfield code='a'>Foreign workers.</subfield></datafield><datafield ind1=' ' ind2='0' tag='650'><subfield code='a'>Job security.</subfield></datafield><datafield ind1=' ' ind2='0' tag='650'><subfield code='a'>Labor market.</subfield></datafield><datafield ind1=' ' ind2='0' tag='650'><subfield code='a'>Industrial relations.</subfield></datafield><datafield ind1=' ' ind2='0' tag='650'><subfield code='a'>Globalization.</subfield></datafield><datafield ind1=' ' ind2='0' tag='830'><subfield code='a'>NYU series in social and cultural analysis.</subfield></datafield><datafield ind1=' ' ind2=' ' tag='902'><subfield code='a'>170320</subfield></datafield><datafield ind1=' ' ind2=' ' tag='907'><subfield code='a'>.b51115633</subfield><subfield code='b'>multi</subfield><subfield code='c'>-</subfield></datafield><datafield ind1=' ' ind2=' ' tag='945'><subfield code='l'>astk </subfield><subfield code='g'>1</subfield></datafield><datafield ind1=' ' ind2=' ' tag='945'><subfield code='l'>pstk </subfield><subfield code='g'>1</subfield></datafield><datafield ind1=' ' ind2=' ' tag='979'><subfield code='a'>ocn273815500</subfield></datafield><datafield ind1=' ' ind2=' ' tag='998'><subfield code='b'>1</subfield><subfield code='c'>120229</subfield><subfield code='d'>m</subfield><subfield code='e'>a</subfield><subfield code='f'>-</subfield><subfield code='g'>0</subfield></datafield><datafield ind1=' ' ind2=' ' tag='998'><subfield code='b'>1</subfield><subfield code='c'>120229</subfield><subfield code='d'>m</subfield><subfield code='e'>a</subfield><subfield code='f'>-</subfield><subfield code='g'>0</subfield></datafield><datafield ind1=' ' ind2=' ' tag='ADM'><subfield code='b'>2017-08-25 20:55:23</subfield><subfield code='e'>b51115633-01tuli_inst</subfield><subfield code='d'>ILS</subfield><subfield code='a'>2017-06-20 07:58:53</subfield><subfield code='c'>false</subfield></datafield><datafield ind1='0' ind2=' ' tag='HLD'><subfield code='b'>AMBLER</subfield><subfield code='c'>stacks</subfield><subfield code='h'>HF5382.55</subfield><subfield code='i'>.R67 2009</subfield><subfield code='8'>22275613720003811</subfield></datafield><datafield ind1='0' ind2=' ' tag='HLD'><subfield code='b'>MAIN</subfield><subfield code='c'>stacks</subfield><subfield code='h'>HF5382.55</subfield><subfield code='i'>.R67 2009</subfield><subfield code='8'>22275613700003811</subfield></datafield><datafield ind1=' ' ind2=' ' tag='ITM'><subfield code='r'>22275613700003811</subfield><subfield code='b'>1</subfield><subfield code='h'>0</subfield><subfield code='g'>stacks</subfield><subfield code='t'>BOOK</subfield><subfield code='9'>39074025385436</subfield><subfield code='e'>stacks</subfield><subfield code='8'>23275613690003811</subfield><subfield code='a'>0</subfield><subfield code='q'>2017-06-20 07:58:53</subfield><subfield code='i'>HF5382.55 .R67 2009</subfield><subfield code='d'>MAIN</subfield><subfield code='f'>MAIN</subfield></datafield><datafield ind1=' ' ind2=' ' tag='ITM'><subfield code='r'>22275613720003811</subfield><subfield code='b'>1</subfield><subfield code='h'>0</subfield><subfield code='g'>stacks</subfield><subfield code='t'>BOOK</subfield><subfield code='9'>39074026418749</subfield><subfield code='e'>stacks</subfield><subfield code='8'>23275613710003811</subfield><subfield code='a'>0</subfield><subfield code='q'>2017-06-20 07:58:53</subfield><subfield code='i'>HF5382.55 .R67 2009</subfield><subfield code='d'>AMBLER</subfield><subfield code='f'>AMBLER</subfield></datafield></record>