
<record xmlns='http://www.loc.gov/MARC21/slim'><leader>01048nam  2200301Ia 4500</leader><controlfield tag='001'>991036741979103811</controlfield><controlfield tag='005'>20170814180635.0</controlfield><controlfield tag='006'>m     o  d |      </controlfield><controlfield tag='007'>cr -n---------</controlfield><controlfield tag='008'>090417s2010    pau     ob    001 0 eng d</controlfield><datafield ind1=' ' ind2=' ' tag='010'><subfield code='z'>  2009016341</subfield></datafield><datafield ind1=' ' ind2=' ' tag='020'><subfield code='a'>1-282-42367-3</subfield></datafield><datafield ind1=' ' ind2=' ' tag='020'><subfield code='a'>9786612423673</subfield></datafield><datafield ind1=' ' ind2=' ' tag='020'><subfield code='a'>1-59213-981-7</subfield></datafield><datafield ind1=' ' ind2=' ' tag='035'><subfield code='a'>(CKB)2550000000001011</subfield></datafield><datafield ind1=' ' ind2=' ' tag='035'><subfield code='a'>(EBL)449812</subfield></datafield><datafield ind1=' ' ind2=' ' tag='035'><subfield code='a'>(OCoLC)607552544</subfield></datafield><datafield ind1=' ' ind2=' ' tag='035'><subfield code='a'>(SSID)ssj0000359097</subfield></datafield><datafield ind1=' ' ind2=' ' tag='035'><subfield code='a'>(PQKBManifestationID)11259327</subfield></datafield><datafield ind1=' ' ind2=' ' tag='035'><subfield code='a'>(PQKBTitleCode)TC0000359097</subfield></datafield><datafield ind1=' ' ind2=' ' tag='035'><subfield code='a'>(PQKBWorkID)10380499</subfield></datafield><datafield ind1=' ' ind2=' ' tag='035'><subfield code='a'>(PQKB)10356475</subfield></datafield><datafield ind1=' ' ind2=' ' tag='035'><subfield code='a'>(MiAaPQ)EBC449812</subfield></datafield><datafield ind1=' ' ind2=' ' tag='035'><subfield code='a'>(EXLCZ)992550000000001011</subfield></datafield><datafield ind1=' ' ind2=' ' tag='040'><subfield code='a'>MiAaPQ</subfield><subfield code='c'>MiAaPQ</subfield><subfield code='d'>MiAaPQ</subfield></datafield><datafield ind1=' ' ind2=' ' tag='041'><subfield code='a'>eng</subfield></datafield><datafield ind1=' ' ind2='4' tag='050'><subfield code='a'>HD4094</subfield><subfield code='b'>.G85 2010</subfield></datafield><datafield ind1='0' ind2='0' tag='082'><subfield code='a'>331.01</subfield></datafield><datafield ind1='1' ind2=' ' tag='100'><subfield code='a'>Gullì, Bruno,</subfield><subfield code='d'>1959-</subfield></datafield><datafield ind1=' ' ind2=' ' tag='210'><subfield code='a'>EARTHLY PLENITUDES </subfield></datafield><datafield ind1='1' ind2='0' tag='245'><subfield code='a'>Earthly plenitudes</subfield><subfield code='h'>[electronic resource] :</subfield><subfield code='b'>a study on sovereignty and labor /</subfield><subfield code='c'>Bruno Gulli.</subfield></datafield><datafield ind1=' ' ind2=' ' tag='246'><subfield code='a'>Earthly Plenitudes: A Study on Sovereignty and Labor</subfield></datafield><datafield ind1=' ' ind2=' ' tag='260'><subfield code='a'>Philadelphia :</subfield><subfield code='b'>Temple University Press,</subfield><subfield code='c'>2010.</subfield></datafield><datafield ind1=' ' ind2=' ' tag='300'><subfield code='a'>1 online resource (200 p.)</subfield></datafield><datafield ind1=' ' ind2=' ' tag='336'><subfield code='a'>text</subfield><subfield code='b'>txt</subfield></datafield><datafield ind1=' ' ind2=' ' tag='337'><subfield code='a'>computer</subfield><subfield code='b'>c</subfield></datafield><datafield ind1=' ' ind2=' ' tag='338'><subfield code='a'>online resource</subfield><subfield code='b'>cr</subfield></datafield><datafield ind1=' ' ind2=' ' tag='500'><subfield code='a'>Description based upon print version of record.</subfield></datafield><datafield ind1='0' ind2=' ' tag='505'><subfield code='a'>Contents; Acknowledgments; Introduction; Part I: Critique of Sovereignty; 1. Singularity or the Dignity of Individuation; 2. Exception and Critique; 3. Bataille&apos;s Special Use of the Concept of Sovereignty; Part II: Sovereignty and Labor; 4. Ax and Fire: Knowledge Production and the Superexploitation of Contingent Academic Labor; 5. Sovereign, Productive, and Efficient: The Place of Disability in the Ableist Society; Conclusion: Labor without Sovereignty; Notes; References; Index</subfield></datafield><datafield ind1=' ' ind2=' ' tag='520'><subfield code='a'>A fierce critique of productivity and sovereignty in the world of labor and everyday life, Bruno Gullì&apos;s Earthly Plenitudes asks, can labor exist without sovereignty and without capitalism? He introduces the concept of dignity of individuation to prompt a rethinking of categories of political ontology. Dignity of individuation stresses the notion that the dignity of each and any individual being lies in its being individuated as such; dignity is the irreducible and most essential character of any being. Singularity is a more universal quality.Gullì first reviews approaches to sove</subfield></datafield><datafield ind1=' ' ind2=' ' tag='546'><subfield code='a'>English</subfield></datafield><datafield ind1=' ' ind2=' ' tag='504'><subfield code='a'>Includes bibliographical references and index.</subfield></datafield><datafield ind1=' ' ind2='0' tag='650'><subfield code='a'>Labor</subfield><subfield code='x'>Philosophy.</subfield></datafield><datafield ind1=' ' ind2='0' tag='650'><subfield code='a'>Work</subfield><subfield code='x'>Philosophy.</subfield></datafield><datafield ind1=' ' ind2='0' tag='650'><subfield code='a'>Marxian economics.</subfield></datafield><datafield ind1=' ' ind2='0' tag='650'><subfield code='a'>Capitalism.</subfield></datafield><datafield ind1=' ' ind2='0' tag='650'><subfield code='a'>Sovereignty.</subfield></datafield><datafield ind1=' ' ind2='4' tag='655'><subfield code='a'>Electronic books.</subfield></datafield><datafield ind1=' ' ind2=' ' tag='700'><subfield code='a'>Gullái, Bruno</subfield><subfield code='e'>Author</subfield></datafield><datafield ind1=' ' ind2=' ' tag='776'><subfield code='z'>1-59213-980-9</subfield></datafield><datafield ind1=' ' ind2=' ' tag='776'><subfield code='z'>1-59213-979-5</subfield></datafield><datafield ind1=' ' ind2=' ' tag='906'><subfield code='a'>BOOK</subfield></datafield><datafield ind1=' ' ind2=' ' tag='PRT'><subfield code='a'>53420745190003811</subfield><subfield code='b'>https://sandbox01-na.alma.exlibrisgroup.com/view/uresolver/01TULI_INST/openurl?u.ignore_date_coverage=true&amp;rft.mms_id=991036741979103811</subfield><subfield code='e'>Ebook Central</subfield><subfield code='c'>Ebook Central Academic Complete</subfield><subfield code='h'>614200000000000002</subfield><subfield code='8'>53420745190003811</subfield></datafield><datafield ind1=' ' ind2=' ' tag='PRT'><subfield code='a'>53408422360003811</subfield><subfield code='b'>https://sandbox01-na.alma.exlibrisgroup.com/view/uresolver/01TULI_INST/openurl?u.ignore_date_coverage=true&amp;rft.mms_id=991036741979103811</subfield><subfield code='e'>JSTOR</subfield><subfield code='c'>JSTOR Books EBA Pilot</subfield><subfield code='h'>613810000000000259</subfield><subfield code='8'>53408422360003811</subfield></datafield></record>