
<record xmlns='http://www.loc.gov/MARC21/slim'><leader>01349nam  2200361 a 4500</leader><controlfield tag='001'>991036741422203811</controlfield><controlfield tag='005'>20170815164302.0</controlfield><controlfield tag='006'>m     o  d |      </controlfield><controlfield tag='007'>cr -n---------</controlfield><controlfield tag='008'>081022s2009    nyu     ob    001 0 eng  </controlfield><datafield ind1=' ' ind2=' ' tag='010'><subfield code='z'>  2008045880</subfield></datafield><datafield ind1=' ' ind2=' ' tag='015'><subfield code='a'>GBA922924</subfield><subfield code='2'>bnb</subfield></datafield><datafield ind1='7' ind2=' ' tag='016'><subfield code='z'>014921053</subfield><subfield code='2'>Uk</subfield></datafield><datafield ind1=' ' ind2=' ' tag='020'><subfield code='a'>0-8147-7739-2</subfield></datafield><datafield ind1=' ' ind2=' ' tag='020'><subfield code='a'>0-8147-7635-3</subfield></datafield><datafield ind1=' ' ind2=' ' tag='020'><subfield code='a'>1-4416-1568-7</subfield></datafield><datafield ind1=' ' ind2=' ' tag='035'><subfield code='a'>(CKB)1000000000786049</subfield></datafield><datafield ind1=' ' ind2=' ' tag='035'><subfield code='a'>(EBL)865907</subfield></datafield><datafield ind1=' ' ind2=' ' tag='035'><subfield code='a'>(OCoLC)779828294</subfield></datafield><datafield ind1=' ' ind2=' ' tag='035'><subfield code='a'>(SSID)ssj0000211175</subfield></datafield><datafield ind1=' ' ind2=' ' tag='035'><subfield code='a'>(PQKBManifestationID)11175544</subfield></datafield><datafield ind1=' ' ind2=' ' tag='035'><subfield code='a'>(PQKBTitleCode)TC0000211175</subfield></datafield><datafield ind1=' ' ind2=' ' tag='035'><subfield code='a'>(PQKBWorkID)10291908</subfield></datafield><datafield ind1=' ' ind2=' ' tag='035'><subfield code='a'>(PQKB)11307426</subfield></datafield><datafield ind1=' ' ind2=' ' tag='035'><subfield code='a'>(StDuBDS)EDZ0001326143</subfield></datafield><datafield ind1=' ' ind2=' ' tag='035'><subfield code='a'>(MiAaPQ)EBC865907</subfield></datafield><datafield ind1=' ' ind2=' ' tag='035'><subfield code='a'>(EXLCZ)991000000000786049</subfield></datafield><datafield ind1=' ' ind2=' ' tag='040'><subfield code='a'>MiAaPQ</subfield><subfield code='c'>MiAaPQ</subfield><subfield code='d'>MiAaPQ</subfield></datafield><datafield ind1=' ' ind2=' ' tag='041'><subfield code='a'>eng</subfield></datafield><datafield ind1=' ' ind2='4' tag='050'><subfield code='a'>HF5382.55</subfield><subfield code='b'>.R67 2009</subfield></datafield><datafield ind1='0' ind2='0' tag='082'><subfield code='a'>331.6/2</subfield></datafield><datafield ind1='1' ind2=' ' tag='100'><subfield code='a'>Ross, Andrew,</subfield><subfield code='d'>1956-</subfield></datafield><datafield ind1='1' ind2='0' tag='245'><subfield code='a'>Nice work if you can get it</subfield><subfield code='h'>[electronic resource] :</subfield><subfield code='b'>life and labor in precarious times /</subfield><subfield code='c'>Andrew Ross.</subfield></datafield><datafield ind1=' ' ind2='1' tag='264'><subfield code='a'>New York :</subfield><subfield code='b'>New York University Press,</subfield><subfield code='c'>2016.</subfield></datafield><datafield ind1=' ' ind2=' ' tag='300'><subfield code='a'>1 online resource (273 p.)</subfield></datafield><datafield ind1=' ' ind2=' ' tag='336'><subfield code='a'>text</subfield><subfield code='b'>txt</subfield></datafield><datafield ind1=' ' ind2=' ' tag='337'><subfield code='a'>computer</subfield><subfield code='b'>c</subfield></datafield><datafield ind1=' ' ind2=' ' tag='338'><subfield code='a'>online resource</subfield><subfield code='b'>cr</subfield></datafield><datafield ind1='1' ind2=' ' tag='490'><subfield code='a'>NYU series in social and cultural analysis</subfield></datafield><datafield ind1=' ' ind2=' ' tag='500'><subfield code='a'>Description based upon print version of record.</subfield></datafield><datafield ind1='0' ind2=' ' tag='505'><subfield code='a'>Contents; Acknowledgements; Introduction; I: CREATIVE WORKERS AND RENT-SEEKING; 1 The Mercurial Career of Creative Industries Policymaking in the United Kingdom, the European Union, and the United States; 2 China&apos;s Next Cultural Revolution?; 3 The Olympic Goose That Lays the Golden Egg; II: SUSTAINABILITY AND THE GROUND STAFF; 4 Teamsters, Turtles, and Tainted Toys; 5 Learning from San Ysidro; III: INSTRUMENTS OF KNOWLEDGE CAPITALISM; 6 The Copyfight over Intellectual Property; 7 The Rise of the Global University; Conclusion: Maps and Charters; Notes; References; Index; A; B; C; D; E; F; G; H</subfield></datafield><datafield ind1='8' ind2=' ' tag='505'><subfield code='a'>IJ; K; L; M; N; O; P; Q; R; S; T; U; V; W; X; Y; Z; About the Author</subfield></datafield><datafield ind1=' ' ind2=' ' tag='520'><subfield code='a'>2009 Choice Outstanding Academic Title. Is job insecurity the new norm? With fewer and fewer people working in steady, long-term positions for one employer, has the dream of a secure job with full benefits and a decent salary become just that-a dream?. In Nice Work If You Can Get It , Andrew Ross surveys the new topography of the global workplace and finds an emerging pattern of labor instability and uneven development on a massive scale. Combining detailed case studies with lucid analysis and graphic prose, he looks at what the new landscape of contingent employment means for workers across n</subfield></datafield><datafield ind1=' ' ind2=' ' tag='546'><subfield code='a'>English</subfield></datafield><datafield ind1=' ' ind2=' ' tag='504'><subfield code='a'>Includes bibliographical references and index.</subfield></datafield><datafield ind1=' ' ind2=' ' tag='588'><subfield code='a'>Description based on online resource; title from home page (viewed on February 4, 2016).</subfield></datafield><datafield ind1=' ' ind2='0' tag='650'><subfield code='a'>Employment in foreign countries.</subfield></datafield><datafield ind1=' ' ind2='0' tag='650'><subfield code='a'>Foreign workers.</subfield></datafield><datafield ind1=' ' ind2='0' tag='650'><subfield code='a'>Globalization.</subfield></datafield><datafield ind1=' ' ind2='4' tag='655'><subfield code='a'>Electronic books.</subfield></datafield><datafield ind1=' ' ind2=' ' tag='776'><subfield code='z'>0-8147-7691-4</subfield></datafield><datafield ind1=' ' ind2=' ' tag='776'><subfield code='z'>0-8147-7629-9</subfield></datafield><datafield ind1=' ' ind2='0' tag='830'><subfield code='a'>NYU Series in Social &amp; Cultural Analysis</subfield></datafield><datafield ind1=' ' ind2=' ' tag='906'><subfield code='a'>BOOK</subfield></datafield><datafield ind1=' ' ind2=' ' tag='PRT'><subfield code='a'>53422103850003811</subfield><subfield code='b'>https://sandbox01-na.alma.exlibrisgroup.com/view/uresolver/01TULI_INST/openurl?u.ignore_date_coverage=true&amp;rft.mms_id=991036741422203811</subfield><subfield code='e'>Ebook Central</subfield><subfield code='c'>Ebook Central Academic Complete</subfield><subfield code='h'>614200000000000002</subfield><subfield code='8'>53422103850003811</subfield></datafield><datafield ind1=' ' ind2=' ' tag='PRT'><subfield code='a'>53391959350003811</subfield><subfield code='b'>https://sandbox01-na.alma.exlibrisgroup.com/view/uresolver/01TULI_INST/openurl?u.ignore_date_coverage=true&amp;rft.mms_id=991036741422203811</subfield><subfield code='e'>EBSCOhost</subfield><subfield code='c'>EBSCOhost Academic eBook Collection (North America)</subfield><subfield code='h'>613640000000000029</subfield><subfield code='8'>53391959350003811</subfield></datafield></record>