
<record xmlns='http://www.loc.gov/MARC21/slim'><leader>01934nas a2200457 a 4500</leader><controlfield tag='005'>20180521164714.0</controlfield><controlfield tag='006'>m     o  |        </controlfield><controlfield tag='007'>cr |||||||||||</controlfield><controlfield tag='008'>070226d199720uudcugr  so s  f0    0eng c</controlfield><controlfield tag='001'>991036828893003811</controlfield><datafield ind1=' ' ind2=' ' tag='010'><subfield code='a'>   2007242022</subfield></datafield><datafield ind1=' ' ind2=' ' tag='035'><subfield code='a'>(OCoLC)ocm85271916</subfield></datafield><datafield ind1=' ' ind2=' ' tag='040'><subfield code='a'>MYG</subfield><subfield code='b'>eng</subfield><subfield code='c'>MYG</subfield><subfield code='d'>OCLCQ</subfield><subfield code='d'>OCLCF</subfield><subfield code='d'>OCLCQ</subfield><subfield code='d'>GPO</subfield><subfield code='d'>MvI</subfield></datafield><datafield ind1=' ' ind2=' ' tag='042'><subfield code='a'>pcc</subfield></datafield><datafield ind1=' ' ind2=' ' tag='043'><subfield code='a'>n-us---</subfield></datafield><datafield ind1=' ' ind2=' ' tag='074'><subfield code='a'>0769-P-05 (online)</subfield></datafield><datafield ind1='0' ind2=' ' tag='086'><subfield code='a'>L 2.120/2-23:</subfield></datafield><datafield ind1='0' ind2=' ' tag='130'><subfield code='a'>News.</subfield><subfield code='p'>Contingent and alternative employment arrangements (Online)</subfield></datafield><datafield ind1='1' ind2='0' tag='245'><subfield code='a'>News.</subfield><subfield code='p'>Contingent and alternative employment arrangements /</subfield><subfield code='c'>United States Department of Labor, Bureau of Labor Statistics.</subfield></datafield><datafield ind1='3' ind2='0' tag='246'><subfield code='a'>Contingent and alternative employment arrangements</subfield></datafield><datafield ind1=' ' ind2=' ' tag='260'><subfield code='a'>Washington, D.C. :</subfield><subfield code='b'>U.S. Dept. of Labor, Bureau of Labor Statistics</subfield></datafield><datafield ind1=' ' ind2=' ' tag='310'><subfield code='a'>Biennial</subfield></datafield><datafield ind1=' ' ind2=' ' tag='336'><subfield code='a'>text</subfield><subfield code='b'>txt</subfield><subfield code='2'>rdacontent</subfield></datafield><datafield ind1=' ' ind2=' ' tag='337'><subfield code='a'>computer</subfield><subfield code='b'>c</subfield><subfield code='2'>rdamedia</subfield></datafield><datafield ind1=' ' ind2=' ' tag='338'><subfield code='a'>online resource</subfield><subfield code='b'>cr</subfield><subfield code='2'>rdacarrier</subfield></datafield><datafield ind1='1' ind2=' ' tag='362'><subfield code='a'>Began with 1997? Ceased publication.</subfield></datafield><datafield ind1=' ' ind2=' ' tag='588'><subfield code='a'>Description based on: Feb. 1997; title from caption (viewed Feb. 26, 2007).</subfield></datafield><datafield ind1=' ' ind2=' ' tag='588'><subfield code='a'>Latest issue consulted: Feb. 2005 (viewed Feb. 26, 2007).</subfield></datafield><datafield ind1=' ' ind2='0' tag='650'><subfield code='a'>Temporary employment</subfield><subfield code='z'>United States</subfield><subfield code='v'>Statistics.</subfield></datafield><datafield ind1=' ' ind2='0' tag='650'><subfield code='a'>Contract labor</subfield><subfield code='z'>United States</subfield><subfield code='v'>Statistics.</subfield></datafield><datafield ind1=' ' ind2='0' tag='650'><subfield code='a'>Part-time employment</subfield><subfield code='z'>United States</subfield><subfield code='v'>Statistics.</subfield></datafield><datafield ind1=' ' ind2='7' tag='650'><subfield code='a'>Contract labor.</subfield><subfield code='2'>fast</subfield><subfield code='0'>(OCoLC)fst00876890</subfield></datafield><datafield ind1=' ' ind2='7' tag='650'><subfield code='a'>Part-time employment.</subfield><subfield code='2'>fast</subfield><subfield code='0'>(OCoLC)fst01053986</subfield></datafield><datafield ind1=' ' ind2='7' tag='650'><subfield code='a'>Temporary employment.</subfield><subfield code='2'>fast</subfield><subfield code='0'>(OCoLC)fst01147485</subfield></datafield><datafield ind1=' ' ind2='7' tag='651'><subfield code='a'>United States.</subfield><subfield code='2'>fast</subfield><subfield code='0'>(OCoLC)fst01204155</subfield></datafield><datafield ind1=' ' ind2='7' tag='655'><subfield code='a'>Statistics.</subfield><subfield code='2'>fast</subfield><subfield code='0'>(OCoLC)fst01423727</subfield></datafield><datafield ind1='1' ind2=' ' tag='710'><subfield code='a'>United States.</subfield><subfield code='b'>Bureau of Labor Statistics.</subfield></datafield><datafield ind1='4' ind2='0' tag='856'><subfield code='3'>Archived issues:</subfield><subfield code='u'>http://purl.access.gpo.gov/GPO/LPS32658</subfield></datafield><datafield ind1='4' ind2='0' tag='856'><subfield code='3'>2005 issue:</subfield><subfield code='u'>http://purl.access.gpo.gov/GPO/LPS4238</subfield></datafield><datafield ind1=' ' ind2=' ' tag='949'><subfield code='a'>L 2.120/2-23:</subfield><subfield code='l'>gweb</subfield><subfield code='s'>e</subfield><subfield code='z'>086</subfield></datafield><datafield ind1=' ' ind2=' ' tag='979'><subfield code='a'>ocm85271916</subfield></datafield><datafield ind1=' ' ind2=' ' tag='PRT'><subfield code='a'>53426843700003811</subfield><subfield code='b'>https://sandbox01-na.alma.exlibrisgroup.com/view/uresolver/01TULI_INST/openurl?u.ignore_date_coverage=true&amp;rft.mms_id=991036828893003811</subfield><subfield code='f'>Archived issues:</subfield><subfield code='c'>Electronic Government Documents</subfield><subfield code='8'>53426843700003811</subfield></datafield><datafield ind1=' ' ind2=' ' tag='PRT'><subfield code='a'>53426843680003811</subfield><subfield code='b'>https://sandbox01-na.alma.exlibrisgroup.com/view/uresolver/01TULI_INST/openurl?u.ignore_date_coverage=true&amp;rft.mms_id=991036828893003811</subfield><subfield code='f'>2005 issue:</subfield><subfield code='c'>Electronic Government Documents</subfield><subfield code='8'>53426843680003811</subfield></datafield></record>