
<record xmlns='http://www.loc.gov/MARC21/slim'><leader>01366nam  2200325Ia 4500</leader><controlfield tag='001'>991036795636403811</controlfield><controlfield tag='005'>20170815103300.0</controlfield><controlfield tag='006'>m     o  d |      </controlfield><controlfield tag='007'>cr -n---------</controlfield><controlfield tag='008'>120412s2013    caua    obe   001 0 eng d</controlfield><datafield ind1=' ' ind2=' ' tag='010'><subfield code='z'>  2012014153</subfield></datafield><datafield ind1=' ' ind2=' ' tag='020'><subfield code='a'>1-78539-481-9</subfield></datafield><datafield ind1=' ' ind2=' ' tag='020'><subfield code='a'>1-59884-719-8</subfield></datafield><datafield ind1=' ' ind2=' ' tag='020'><subfield code='a'>1-299-13801-2</subfield></datafield><datafield ind1=' ' ind2=' ' tag='035'><subfield code='a'>(CKB)2550000001004744</subfield></datafield><datafield ind1=' ' ind2=' ' tag='035'><subfield code='a'>(EBL)1122586</subfield></datafield><datafield ind1=' ' ind2=' ' tag='035'><subfield code='a'>(OCoLC)879022116</subfield></datafield><datafield ind1=' ' ind2=' ' tag='035'><subfield code='a'>(SSID)ssj0000821285</subfield></datafield><datafield ind1=' ' ind2=' ' tag='035'><subfield code='a'>(PQKBManifestationID)12338881</subfield></datafield><datafield ind1=' ' ind2=' ' tag='035'><subfield code='a'>(PQKBTitleCode)TC0000821285</subfield></datafield><datafield ind1=' ' ind2=' ' tag='035'><subfield code='a'>(PQKBWorkID)10871335</subfield></datafield><datafield ind1=' ' ind2=' ' tag='035'><subfield code='a'>(PQKB)10446836</subfield></datafield><datafield ind1=' ' ind2=' ' tag='035'><subfield code='a'>(MiAaPQ)EBC1122586</subfield></datafield><datafield ind1=' ' ind2=' ' tag='035'><subfield code='a'>(EXLCZ)992550000001004744</subfield></datafield><datafield ind1=' ' ind2=' ' tag='040'><subfield code='a'>MiAaPQ</subfield><subfield code='c'>MiAaPQ</subfield><subfield code='d'>MiAaPQ</subfield></datafield><datafield ind1=' ' ind2=' ' tag='041'><subfield code='a'>eng</subfield></datafield><datafield ind1=' ' ind2='4' tag='050'><subfield code='a'>HD8066</subfield><subfield code='b'>.H57 2013</subfield></datafield><datafield ind1='0' ind2='0' tag='082'><subfield code='a'>331.097303</subfield></datafield><datafield ind1='1' ind2=' ' tag='100'><subfield code='a'>Weir, Robert E.,</subfield><subfield code='d'>1952-</subfield></datafield><datafield ind1='1' ind2='0' tag='245'><subfield code='a'>Workers in America</subfield><subfield code='h'>[electronic resource] :</subfield><subfield code='b'>a historical encyclopedia /</subfield><subfield code='c'>Robert E. Weir.</subfield></datafield><datafield ind1=' ' ind2=' ' tag='260'><subfield code='a'>Santa Barbara, Calif. :</subfield><subfield code='b'>ABC-CLIO,</subfield><subfield code='c'>c2013.</subfield></datafield><datafield ind1=' ' ind2=' ' tag='300'><subfield code='a'>1 online resource (969 p.)</subfield></datafield><datafield ind1=' ' ind2=' ' tag='336'><subfield code='a'>text</subfield><subfield code='b'>txt</subfield></datafield><datafield ind1=' ' ind2=' ' tag='337'><subfield code='a'>computer</subfield><subfield code='b'>c</subfield></datafield><datafield ind1=' ' ind2=' ' tag='338'><subfield code='a'>online resource</subfield><subfield code='b'>cr</subfield></datafield><datafield ind1=' ' ind2=' ' tag='500'><subfield code='a'>Description based upon print version of record.</subfield></datafield><datafield ind1='0' ind2=' ' tag='505'><subfield code='a'>&quot;&quot;Cover&quot;&quot;; &quot;&quot;Title Page&quot;&quot;; &quot;&quot;Copyright Page&quot;&quot;; &quot;&quot;Table of Contents&quot;&quot;; &quot;&quot;Preface&quot;&quot;; &quot;&quot;Acknowledgments&quot;&quot;; &quot;&quot;How to Use This Work&quot;&quot;; &quot;&quot;Volume 1&quot;&quot;; &quot;&quot;Actors and Labor&quot;&quot;; &quot;&quot;Adair v. The United States&quot;&quot;; &quot;&quot;Adamson Act&quot;&quot;; &quot;&quot;Affirmative Action&quot;&quot;; &quot;&quot;Agency Fee&quot;&quot;; &quot;&quot;Agent Provocateur&quot;&quot;; &quot;&quot;Agrarianism&quot;&quot;; &quot;&quot;Agricultural Labor Relations Act&quot;&quot;; &quot;&quot;Airline Strikes&quot;&quot;; &quot;&quot;Amalgamated Association of Iron, Steel, and Tin Workers&quot;&quot;; &quot;&quot;Amalgamated Clothing Workers of America&quot;&quot;; &quot;&quot;American Federation of Government Employees&quot;&quot;; &quot;&quot;American Federation of Labor&quot;&quot;</subfield></datafield><datafield ind1='8' ind2=' ' tag='505'><subfield code='a'>&quot;&quot;American Federation of Labor-Congress of Industrial Organizations&quot;&quot;&quot;&quot;American Federation of State, County, and Municipal Employees&quot;&quot;; &quot;&quot;American Federation of Teachers&quot;&quot;; &quot;&quot;American Plan&quot;&quot;; &quot;&quot;American Railway Union&quot;&quot;; &quot;&quot;Anarchism&quot;&quot;; &quot;&quot;Anarcho-syndicalism&quot;&quot;; &quot;&quot;Anthracite Coal Strike of 1902&quot;&quot;; &quot;&quot;A. Philip Randolph Institute&quot;&quot;; &quot;&quot;Apprentice&quot;&quot;; &quot;&quot;Arbitration/Conciliation/Mediation&quot;&quot;; &quot;&quot;Aristocrats of Labor&quot;&quot;; &quot;&quot;Artisan Labor&quot;&quot;; &quot;&quot;Asian American Labor&quot;&quot;; &quot;&quot;Assembly-Line Production&quot;&quot;; &quot;&quot;Association of Catholic Trade Unionists&quot;&quot;; &quot;&quot;Automation&quot;&quot;; &quot;&quot;Bacon&apos;s Rebellion&quot;&quot;; &quot;&quot;Bagley, Sarah&quot;&quot;</subfield></datafield><datafield ind1='8' ind2=' ' tag='505'><subfield code='a'>&quot;&quot;Barry, Leonora Marie&quot;&quot;&quot;&quot;Battle of Blair Mountain&quot;&quot;; &quot;&quot;Bellamy, Edward&quot;&quot;; &quot;&quot;Bituminous Coal Strikes of 1974 and 1977-1978&quot;&quot;; &quot;&quot;Blacklist&quot;&quot;; &quot;&quot;Black Lung Disease and Strike&quot;&quot;; &quot;&quot;Blue-Collar Labor&quot;&quot;; &quot;&quot;Boston Police Strike of 1919&quot;&quot;; &quot;&quot;Boulwarism&quot;&quot;; &quot;&quot;Boycott&quot;&quot;; &quot;&quot;Braceros&quot;&quot;; &quot;&quot;Brewery Workers&quot;&quot;; &quot;&quot;Bridges, Harry&quot;&quot;; &quot;&quot;Bridgestone-Firestone Strike, 1994â€?1995&quot;&quot;; &quot;&quot;Brotherhood of Locomotive Engineers&quot;&quot;; &quot;&quot;Brotherhood of Sleeping Car Porters&quot;&quot;; &quot;&quot;Browder, Earl Russell&quot;&quot;; &quot;&quot;Buck&apos;s Stove &amp; Range Co. v. American Federation of Labor et al&quot;&quot;; &quot;&quot;Bumping&quot;&quot;; &quot;&quot;Bureau of Labor Statistics&quot;&quot;</subfield></datafield><datafield ind1='8' ind2=' ' tag='505'><subfield code='a'>&quot;&quot;Business Agent&quot;&quot;&quot;&quot;Business Roundtable&quot;&quot;; &quot;&quot;Business Unionism&quot;&quot;; &quot;&quot;Butchers&quot;&quot;; &quot;&quot;Capitalism&quot;&quot;; &quot;&quot;Carey, James Barron&quot;&quot;; &quot;&quot;Caterpillar Strike&quot;&quot;; &quot;&quot;Centralia Massacre&quot;&quot;; &quot;&quot;Central Labor Union&quot;&quot;; &quot;&quot;Certification&quot;&quot;; &quot;&quot;Change to Win Federation&quot;&quot;; &quot;&quot;ChÃ¡vez, CÃ©sar Estrada&quot;&quot;; &quot;&quot;Checkoff&quot;&quot;; &quot;&quot;Child Labor&quot;&quot;; &quot;&quot;Chinese Exclusion Act&quot;&quot;; &quot;&quot;Civil Rights Movement and Labor&quot;&quot;; &quot;&quot;Civil War and Labor&quot;&quot;; &quot;&quot;Class Consciousness&quot;&quot;; &quot;&quot;Clayton Antitrust Act&quot;&quot;; &quot;&quot;Coalition of Labor Union Women&quot;&quot;; &quot;&quot;Coal Miners Strike of 1943&quot;&quot;; &quot;&quot;Coeur d&apos;Alene&quot;&quot;; &quot;&quot;Cold War and Labor&quot;&quot;; &quot;&quot;Collective Bargaining&quot;&quot;</subfield></datafield><datafield ind1='8' ind2=' ' tag='505'><subfield code='a'>&quot;&quot;Colonial Labor&quot;&quot;&quot;&quot;Colorado Labor Wars&quot;&quot;; &quot;&quot;Colored National Labor Union&quot;&quot;; &quot;&quot;Columbine Mine Massacre&quot;&quot;; &quot;&quot;Commonwealth v. Hunt&quot;&quot;; &quot;&quot;Communism and Unions&quot;&quot;; &quot;&quot;Company Town&quot;&quot;; &quot;&quot;Company Union&quot;&quot;; &quot;&quot;Comparable Worth&quot;&quot;; &quot;&quot;Computer Revolution and Organized Labor&quot;&quot;; &quot;&quot;Concessions&quot;&quot;; &quot;&quot;Congress of Industrial Organizations&quot;&quot;; &quot;&quot;Contingency Labor&quot;&quot;; &quot;&quot;Contract&quot;&quot;; &quot;&quot;Contract Labor&quot;&quot;; &quot;&quot;Cooperatives&quot;&quot;; &quot;&quot;Copper Miners and Strikes&quot;&quot;; &quot;&quot;Corporate Campaign&quot;&quot;; &quot;&quot;Cost-of-Living Adjustment&quot;&quot;; &quot;&quot;Counterculture and Labor&quot;&quot;; &quot;&quot;Cowboys&quot;&quot;; &quot;&quot;Coxey&apos;s Army&quot;&quot;; &quot;&quot;Craft Unionism&quot;&quot;; &quot;&quot;Davis-Bacon Act&quot;&quot;; &quot;&quot;Deadheading&quot;&quot;</subfield></datafield><datafield ind1='8' ind2=' ' tag='505'><subfield code='a'>&quot;&quot;Dead Time&quot;&quot;</subfield></datafield><datafield ind1=' ' ind2=' ' tag='520'><subfield code='a'> &quot;&quot;Each entry essay is, on average, two to four pages in length; a few are shorter. Although the essays are relatively short, they are well-written and concise, and are packed with information. Each entry is followed by a short list of &apos;Suggested Reading&apos; selected for availability and readability by the target audience of nonspecialists.&quot;&quot;  - &lt;STRONG&gt; ARBA &lt;/STRONG&gt;</subfield></datafield><datafield ind1=' ' ind2=' ' tag='546'><subfield code='a'>English</subfield></datafield><datafield ind1=' ' ind2=' ' tag='504'><subfield code='a'>Includes bibliographical references and index.</subfield></datafield><datafield ind1=' ' ind2='0' tag='650'><subfield code='a'>Industrial relations</subfield><subfield code='z'>United States</subfield><subfield code='x'>History</subfield><subfield code='v'>Encyclopedias.</subfield></datafield><datafield ind1=' ' ind2='0' tag='650'><subfield code='a'>Labor laws and legislation</subfield><subfield code='z'>United States</subfield><subfield code='x'>History</subfield><subfield code='v'>Encyclopedias.</subfield></datafield><datafield ind1=' ' ind2='0' tag='650'><subfield code='a'>Labor movement</subfield><subfield code='z'>United States</subfield><subfield code='x'>History</subfield><subfield code='v'>Encyclopedias.</subfield></datafield><datafield ind1=' ' ind2='0' tag='650'><subfield code='a'>Labor</subfield><subfield code='z'>United States</subfield><subfield code='x'>History</subfield><subfield code='v'>Encyclopedias.</subfield></datafield><datafield ind1=' ' ind2='0' tag='650'><subfield code='a'>Working class</subfield><subfield code='z'>United States</subfield><subfield code='x'>History</subfield><subfield code='v'>Encyclopedias.</subfield></datafield><datafield ind1=' ' ind2='4' tag='655'><subfield code='a'>Electronic books.</subfield></datafield><datafield ind1=' ' ind2=' ' tag='776'><subfield code='z'>1-59884-718-X</subfield></datafield><datafield ind1='0' ind2=' ' tag='730'><subfield code='a'>Historical encyclopedia of American labor.</subfield></datafield><datafield ind1=' ' ind2=' ' tag='906'><subfield code='a'>BOOK</subfield></datafield><datafield ind1=' ' ind2=' ' tag='ADM'><subfield code='b'>2017-11-17 00:32:49</subfield><subfield code='e'>992550000001004744</subfield><subfield code='d'>NON_SFX</subfield><subfield code='f'>20160813130136.0</subfield><subfield code='a'>2013-03-16 19:04:42</subfield><subfield code='c'>false</subfield></datafield><datafield ind1=' ' ind2=' ' tag='PRT'><subfield code='a'>53364329100003811</subfield><subfield code='b'>https://sandbox01-na.alma.exlibrisgroup.com/view/uresolver/01TULI_INST/openurl?u.ignore_date_coverage=true&amp;rft.mms_id=991036795636403811</subfield><subfield code='e'>Galegroup</subfield><subfield code='9'>Available</subfield><subfield code='c'>Gale Cengage Virtual Reference Library</subfield><subfield code='h'>611000000000000731</subfield><subfield code='8'>53364329100003811</subfield></datafield></record>