
<record xmlns='http://www.loc.gov/MARC21/slim'><leader>01751nas  2200409 a 4500</leader><controlfield tag='001'>991036727645003811</controlfield><controlfield tag='005'>20180327155509.0</controlfield><controlfield tag='006'>m     o  d        </controlfield><controlfield tag='007'>cr |||</controlfield><controlfield tag='008'>090710d19621962acafr p o     0    0eng c</controlfield><datafield ind1=' ' ind2=' ' tag='010'><subfield code='a'>  2009236207</subfield></datafield><datafield ind1='7' ind2=' ' tag='016'><subfield code='a'>995314888</subfield><subfield code='2'>DE-101</subfield></datafield><datafield ind1='7' ind2=' ' tag='016'><subfield code='a'>2505188-X</subfield><subfield code='2'>DE-600</subfield></datafield><datafield ind1=' ' ind2=' ' tag='035'><subfield code='a'>(OCoLC)423889348</subfield></datafield><datafield ind1=' ' ind2=' ' tag='035'><subfield code='a'>(CKB)1000000000762483</subfield></datafield><datafield ind1=' ' ind2=' ' tag='035'><subfield code='a'>(CONSER)  2009236207</subfield></datafield><datafield ind1=' ' ind2=' ' tag='035'><subfield code='a'>(EXLCZ)991000000000762483</subfield></datafield><datafield ind1=' ' ind2=' ' tag='042'><subfield code='a'>msc</subfield></datafield><datafield ind1=' ' ind2=' ' tag='043'><subfield code='a'>u-at---</subfield></datafield><datafield ind1=' ' ind2='4' tag='050'><subfield code='a'>HN841</subfield><subfield code='b'>.B84</subfield></datafield><datafield ind1='0' ind2='0' tag='245'><subfield code='a'>Bulletin of the Australian Society for the Study of Labour History</subfield><subfield code='h'>[electronic resource].</subfield></datafield><datafield ind1=' ' ind2=' ' tag='260'><subfield code='a'>Canberra :</subfield><subfield code='b'>Australian Society for the Study of Labour History</subfield></datafield><datafield ind1=' ' ind2=' ' tag='310'><subfield code='a'>Semiannual</subfield></datafield><datafield ind1='1' ind2=' ' tag='362'><subfield code='a'>Began with no. 1 (Jan. 1962); ceased with no. 3 (Nov. 1962).</subfield></datafield><datafield ind1='2' ind2=' ' tag='505'><subfield code='a'>No. 3, p. 52-69, &quot;The Sudan Contingent of 1885 and the anti-war movement&quot; / by W.A. Wood.</subfield></datafield><datafield ind1=' ' ind2=' ' tag='588'><subfield code='a'>Final issue consulted: No. 3 (Nov. 1962) (JSTOR, viewed July 10, 2009).</subfield></datafield><datafield ind1=' ' ind2=' ' tag='588'><subfield code='a'>Description based on: No. 1 (Jan. 1962); title from cover (JSTOR, viewed July 10, 2009).</subfield></datafield><datafield ind1=' ' ind2='0' tag='650'><subfield code='a'>Working class</subfield><subfield code='z'>Australia</subfield><subfield code='x'>History.</subfield></datafield><datafield ind1=' ' ind2='0' tag='650'><subfield code='a'>Labor unions</subfield><subfield code='z'>Australia</subfield><subfield code='x'>History</subfield><subfield code='v'>Periodicals.</subfield></datafield><datafield ind1=' ' ind2='6' tag='650'><subfield code='a'>Travailleurs</subfield><subfield code='z'>Australie</subfield><subfield code='x'>Histoire</subfield><subfield code='v'>Périodiques.</subfield></datafield><datafield ind1=' ' ind2='6' tag='650'><subfield code='a'>Syndicats</subfield><subfield code='z'>Australie</subfield><subfield code='x'>Histoire</subfield><subfield code='v'>Périodiques.</subfield></datafield><datafield ind1=' ' ind2='0' tag='651'><subfield code='a'>Australia</subfield><subfield code='x'>Social conditions</subfield><subfield code='v'>Periodicals.</subfield></datafield><datafield ind1=' ' ind2='6' tag='651'><subfield code='a'>Australie</subfield><subfield code='x'>Conditions sociales</subfield><subfield code='v'>Périodiques.</subfield></datafield><datafield ind1='1' ind2=' ' tag='700'><subfield code='a'>Wood, Walter Allan,</subfield><subfield code='d'>1894-</subfield><subfield code='t'>Sudan Contingent of 1885 and the anti-war movement.</subfield></datafield><datafield ind1='2' ind2=' ' tag='710'><subfield code='a'>Australian Society for the Study of Labour History.</subfield></datafield><datafield ind1=' ' ind2=' ' tag='776'><subfield code='x'>1836-5264</subfield></datafield><datafield ind1='0' ind2='0' tag='785'><subfield code='t'>Labour history</subfield><subfield code='w'>(CKB)110976725600144</subfield><subfield code='w'>(DLC)2009236206</subfield><subfield code='w'>(OCoLC)173431040</subfield><subfield code='x'>1839-3039</subfield></datafield><datafield ind1=' ' ind2=' ' tag='906'><subfield code='a'>JOURNAL</subfield></datafield><datafield ind1=' ' ind2=' ' tag='ADM'><subfield code='b'>2018-03-29 05:15:41</subfield><subfield code='e'>991000000000762483</subfield><subfield code='d'>NON_SFX</subfield><subfield code='a'>2012-02-26 00:30:58</subfield><subfield code='c'>false</subfield></datafield><datafield ind1=' ' ind2=' ' tag='PRT'><subfield code='a'>53347219230003811</subfield><subfield code='b'>https://sandbox01-na.alma.exlibrisgroup.com/view/uresolver/01TULI_INST/openurl?u.ignore_date_coverage=true&amp;rft.mms_id=991036727645003811</subfield><subfield code='e'>JSTOR</subfield><subfield code='g'> Available from 1962 issue: 1 until 1962 issue: 3.</subfield><subfield code='9'>Available</subfield><subfield code='c'>JSTOR Business II Collection</subfield><subfield code='h'>611000000000000755</subfield><subfield code='8'>53347219230003811</subfield></datafield><datafield ind1=' ' ind2=' ' tag='PRT'><subfield code='a'>53347775550003811</subfield><subfield code='b'>https://sandbox01-na.alma.exlibrisgroup.com/view/uresolver/01TULI_INST/openurl?u.ignore_date_coverage=true&amp;rft.mms_id=991036727645003811</subfield><subfield code='e'>JSTOR</subfield><subfield code='g'> Available from 1962 issue: 1 until 1962 issue: 3.</subfield><subfield code='9'>Available</subfield><subfield code='c'>JSTOR Arts and Sciences V</subfield><subfield code='h'>611000000000001588</subfield><subfield code='8'>53347775550003811</subfield></datafield><datafield ind1=' ' ind2=' ' tag='PRT'><subfield code='a'>53347532710003811</subfield><subfield code='b'>https://sandbox01-na.alma.exlibrisgroup.com/view/uresolver/01TULI_INST/openurl?u.ignore_date_coverage=true&amp;rft.mms_id=991036727645003811</subfield><subfield code='e'>EBSCOhost</subfield><subfield code='g'> Available from 1962 until 1962.</subfield><subfield code='9'>Available</subfield><subfield code='c'>EBSCOhost Historical Abstracts with Full Text</subfield><subfield code='h'>613170000000000075</subfield><subfield code='8'>53347532710003811</subfield></datafield></record>