
<record xmlns='http://www.loc.gov/MARC21/slim'><leader>01123nam  2200301Ia 4500</leader><controlfield tag='001'>991036731783803811</controlfield><controlfield tag='005'>20170816135212.0</controlfield><controlfield tag='006'>m     o  d |      </controlfield><controlfield tag='007'>cr -n---------</controlfield><controlfield tag='008'>130318s2013    njua    ob    001 0 eng d</controlfield><datafield ind1=' ' ind2=' ' tag='010'><subfield code='z'>  2013009155</subfield></datafield><datafield ind1=' ' ind2=' ' tag='020'><subfield code='a'>0-691-15856-8</subfield></datafield><datafield ind1=' ' ind2=' ' tag='020'><subfield code='a'>1-4008-4865-2</subfield></datafield><datafield ind1=' ' ind2=' ' tag='035'><subfield code='a'>(CKB)2550000001104499</subfield></datafield><datafield ind1=' ' ind2=' ' tag='035'><subfield code='a'>(EBL)1213978</subfield></datafield><datafield ind1=' ' ind2=' ' tag='035'><subfield code='a'>(OCoLC)854583734</subfield></datafield><datafield ind1=' ' ind2=' ' tag='035'><subfield code='a'>(SSID)ssj0000950244</subfield></datafield><datafield ind1=' ' ind2=' ' tag='035'><subfield code='a'>(PQKBManifestationID)12335484</subfield></datafield><datafield ind1=' ' ind2=' ' tag='035'><subfield code='a'>(PQKBTitleCode)TC0000950244</subfield></datafield><datafield ind1=' ' ind2=' ' tag='035'><subfield code='a'>(PQKBWorkID)11004241</subfield></datafield><datafield ind1=' ' ind2=' ' tag='035'><subfield code='a'>(PQKB)11002032</subfield></datafield><datafield ind1=' ' ind2=' ' tag='035'><subfield code='a'>(MiAaPQ)EBC1213978</subfield></datafield><datafield ind1=' ' ind2=' ' tag='035'><subfield code='a'>(StDuBDS)EDZ0001753152</subfield></datafield><datafield ind1=' ' ind2=' ' tag='035'><subfield code='a'>(EXLCZ)992550000001104499</subfield></datafield><datafield ind1=' ' ind2=' ' tag='040'><subfield code='a'>MiAaPQ</subfield><subfield code='c'>MiAaPQ</subfield><subfield code='d'>MiAaPQ</subfield></datafield><datafield ind1=' ' ind2=' ' tag='041'><subfield code='a'>eng</subfield></datafield><datafield ind1=' ' ind2='4' tag='050'><subfield code='a'>HD8031</subfield><subfield code='b'>.A45 2013</subfield></datafield><datafield ind1='0' ind2='0' tag='082'><subfield code='a'>331.094</subfield></datafield><datafield ind1='1' ind2=' ' tag='100'><subfield code='a'>Ahlquist, John S.</subfield></datafield><datafield ind1='1' ind2='0' tag='245'><subfield code='a'>In the interest of others</subfield><subfield code='h'>[electronic resource] :</subfield><subfield code='b'>organizations and social activism /</subfield><subfield code='c'>John S. Ahlquist and Margaret Levi.</subfield></datafield><datafield ind1=' ' ind2='1' tag='264'><subfield code='a'>Princeton :</subfield><subfield code='b'>Princeton University Press,</subfield><subfield code='c'>2017.</subfield></datafield><datafield ind1=' ' ind2=' ' tag='300'><subfield code='a'>1 online resource (334 p.)</subfield></datafield><datafield ind1=' ' ind2=' ' tag='336'><subfield code='a'>text</subfield><subfield code='b'>txt</subfield></datafield><datafield ind1=' ' ind2=' ' tag='337'><subfield code='a'>computer</subfield><subfield code='b'>c</subfield></datafield><datafield ind1=' ' ind2=' ' tag='338'><subfield code='a'>online resource</subfield><subfield code='b'>cr</subfield></datafield><datafield ind1=' ' ind2=' ' tag='500'><subfield code='a'>Description based upon print version of record.</subfield></datafield><datafield ind1='0' ind2=' ' tag='505'><subfield code='a'>Cover; Title; Copyright; Dedication; Contents; List of Figures; List of Tables; Acknowledgments; Chapter 1: Beyond Economism; Our Argument; The Cases; Alternative Accounts; The Chapters; Chapter 2: Building an Encompassing Community of Fate and Winning Consent; Leaders, Governance, and Organizational Performance; Modeling Organizational Scope and Governance; From Leadership Rents to Organizational Governance Institutions; Summary and Conclusions; Appendix; Chapter 3: Pork, Perks, and Predation; International Brotherhood of Teamsters (IBT); The ILA; Discussion</subfield></datafield><datafield ind1='8' ind2=' ' tag='505'><subfield code='a'>Chapter 4: An Injury to Anyone Is an Injury to AllCommonalities Between the ILWU and WWF; ILWU; WWF; Tension between Political and Industrial Commitments; Continuity Over Time; Conclusion; Chapter 5: Managing Heterogeneity; Managing the Heterogeneity of Locals; Managing Individual Heterogeneity; Conclusion; Chapter 6: Provoking Preferences; The Literature; Preference Provocation; Evidence of Preference Provocation; Evidence of Contingent Consent; Conclusions; Chapter 7: Political Attitudes and Behavior among ILWU Members; Employment, Compensation, and Shipping Volumes on the U.S. West Coast</subfield></datafield><datafield ind1='8' ind2=' ' tag='505'><subfield code='a'>International Trade and Public OpinionThe ILWU&apos;s Organizational Principles and International Trade; ILWU Members&apos; and Affiliates&apos; Attitudes Toward Trade; ILWU Affiliates&apos; Political Behavior; Robustness Considerations; Conclusion; Appendices; Chapter 8: Signaling Solidarity?; Bargaining, Strikes, and Politics; The ILWU; The WWF; Conclusion; Appendix; Chapter 9: Conclusions and Implications; Union Behavior; Other Membership Organizations; Firms; The State; Other Implications; Communities of Fate; Bibliography; Index</subfield></datafield><datafield ind1=' ' ind2=' ' tag='520'><subfield code='a'>  In the Interest of Others develops a new theory of organizational leadership and governance to explain why some organizations expand their scope of action in ways that do not benefit their members directly. John Ahlquist and Margaret Levi document eighty years of such activism by the International Longshore and Warehouse Union in the United States and the Waterside Workers Federation in Australia. They systematically compare the ILWU and WWF to the Teamsters and the International Longshoremen&apos;s Association, two American transport industry labor unions that actively discouraged the p</subfield></datafield><datafield ind1=' ' ind2=' ' tag='546'><subfield code='a'>English</subfield></datafield><datafield ind1=' ' ind2=' ' tag='504'><subfield code='a'>Includes bibliographical references and index.</subfield></datafield><datafield ind1=' ' ind2=' ' tag='521'><subfield code='a'>Specialized.</subfield></datafield><datafield ind1=' ' ind2=' ' tag='588'><subfield code='a'>Description based on online resource; title from home page (viewed on September 8, 2017).</subfield></datafield><datafield ind1=' ' ind2='0' tag='650'><subfield code='a'>Labor unions</subfield><subfield code='x'>Political activity.</subfield></datafield><datafield ind1=' ' ind2='0' tag='650'><subfield code='a'>Labor movement.</subfield></datafield><datafield ind1=' ' ind2='4' tag='655'><subfield code='a'>Electronic books.</subfield></datafield><datafield ind1=' ' ind2=' ' tag='776'><subfield code='z'>0-691-15857-6</subfield></datafield><datafield ind1=' ' ind2=' ' tag='776'><subfield code='z'>1-299-74792-2</subfield></datafield><datafield ind1='1' ind2=' ' tag='700'><subfield code='a'>Levi, Margaret.</subfield></datafield><datafield ind1=' ' ind2=' ' tag='906'><subfield code='a'>BOOK</subfield></datafield><datafield ind1=' ' ind2=' ' tag='PRT'><subfield code='a'>53424776910003811</subfield><subfield code='b'>https://sandbox01-na.alma.exlibrisgroup.com/view/uresolver/01TULI_INST/openurl?u.ignore_date_coverage=true&amp;rft.mms_id=991036731783803811</subfield><subfield code='e'>Ebook Central</subfield><subfield code='c'>Ebook Central University Press</subfield><subfield code='h'>614330000000000093</subfield><subfield code='8'>53424776910003811</subfield></datafield><datafield ind1=' ' ind2=' ' tag='PRT'><subfield code='a'>53408745950003811</subfield><subfield code='b'>https://sandbox01-na.alma.exlibrisgroup.com/view/uresolver/01TULI_INST/openurl?u.ignore_date_coverage=true&amp;rft.mms_id=991036731783803811</subfield><subfield code='e'>JSTOR</subfield><subfield code='c'>JSTOR Books EBA Pilot</subfield><subfield code='h'>613810000000000259</subfield><subfield code='8'>53408745950003811</subfield></datafield><datafield ind1=' ' ind2=' ' tag='PRT'><subfield code='a'>53422337960003811</subfield><subfield code='b'>https://sandbox01-na.alma.exlibrisgroup.com/view/uresolver/01TULI_INST/openurl?u.ignore_date_coverage=true&amp;rft.mms_id=991036731783803811</subfield><subfield code='e'>Ebook Central</subfield><subfield code='c'>Ebook Central Academic Complete</subfield><subfield code='h'>614200000000000002</subfield><subfield code='8'>53422337960003811</subfield></datafield></record>