
<record xmlns='http://www.loc.gov/MARC21/slim'><leader>01541nam  22003974a 4500</leader><controlfield tag='001'>991036824717803811</controlfield><controlfield tag='005'>20170815120706.0</controlfield><controlfield tag='006'>m     o  d |      </controlfield><controlfield tag='007'>cr -n---------</controlfield><controlfield tag='008'>040609s2005    enka    ob    001 0 eng  </controlfield><datafield ind1=' ' ind2=' ' tag='010'><subfield code='z'>  2004050977</subfield></datafield><datafield ind1=' ' ind2=' ' tag='015'><subfield code='a'>GBA3U6108</subfield><subfield code='2'>bnb</subfield></datafield><datafield ind1='7' ind2=' ' tag='016'><subfield code='z'>010980384</subfield><subfield code='2'>Uk</subfield></datafield><datafield ind1=' ' ind2=' ' tag='020'><subfield code='a'>1-134-40863-3</subfield></datafield><datafield ind1=' ' ind2=' ' tag='020'><subfield code='a'>1-280-22408-8</subfield></datafield><datafield ind1=' ' ind2=' ' tag='020'><subfield code='a'>9786610224081</subfield></datafield><datafield ind1=' ' ind2=' ' tag='020'><subfield code='a'>0-203-69438-4</subfield></datafield><datafield ind1=' ' ind2=' ' tag='035'><subfield code='a'>(CKB)1000000000360243</subfield></datafield><datafield ind1=' ' ind2=' ' tag='035'><subfield code='a'>(EBL)200241</subfield></datafield><datafield ind1=' ' ind2=' ' tag='035'><subfield code='a'>(OCoLC)264489516</subfield></datafield><datafield ind1=' ' ind2=' ' tag='035'><subfield code='a'>(SSID)ssj0000218345</subfield></datafield><datafield ind1=' ' ind2=' ' tag='035'><subfield code='a'>(PQKBManifestationID)11191122</subfield></datafield><datafield ind1=' ' ind2=' ' tag='035'><subfield code='a'>(PQKBTitleCode)TC0000218345</subfield></datafield><datafield ind1=' ' ind2=' ' tag='035'><subfield code='a'>(PQKBWorkID)10219649</subfield></datafield><datafield ind1=' ' ind2=' ' tag='035'><subfield code='a'>(PQKB)11608415</subfield></datafield><datafield ind1=' ' ind2=' ' tag='035'><subfield code='a'>(MiAaPQ)EBC200241</subfield></datafield><datafield ind1=' ' ind2=' ' tag='035'><subfield code='a'>(EXLCZ)991000000000360243</subfield></datafield><datafield ind1=' ' ind2=' ' tag='040'><subfield code='a'>MiAaPQ</subfield><subfield code='c'>MiAaPQ</subfield><subfield code='d'>MiAaPQ</subfield></datafield><datafield ind1=' ' ind2=' ' tag='041'><subfield code='a'>eng</subfield></datafield><datafield ind1=' ' ind2=' ' tag='043'><subfield code='a'>e-uk---</subfield></datafield><datafield ind1=' ' ind2='4' tag='050'><subfield code='a'>HD8391</subfield><subfield code='b'>.P345 2005</subfield></datafield><datafield ind1='0' ind2='0' tag='082'><subfield code='a'>331.88/0941</subfield><subfield code='a'>658.315</subfield></datafield><datafield ind1=' ' ind2=' ' tag='084'><subfield code='a'>85.63</subfield><subfield code='2'>bcl</subfield></datafield><datafield ind1='1' ind2=' ' tag='100'><subfield code='a'>Lucio, Miguel Martinez.</subfield></datafield><datafield ind1='0' ind2='0' tag='245'><subfield code='a'>Partnership and modernisation in employment relations</subfield><subfield code='h'>[electronic resource] /</subfield><subfield code='c'>edited by Mark Stuart and Miguel Martinez Lucio.</subfield></datafield><datafield ind1=' ' ind2=' ' tag='260'><subfield code='a'>London ;</subfield><subfield code='a'>New York :</subfield><subfield code='b'>Routledge,</subfield><subfield code='c'>2005.</subfield></datafield><datafield ind1=' ' ind2=' ' tag='300'><subfield code='a'>1 online resource (270 p.)</subfield></datafield><datafield ind1=' ' ind2=' ' tag='336'><subfield code='a'>text</subfield><subfield code='b'>txt</subfield></datafield><datafield ind1=' ' ind2=' ' tag='337'><subfield code='a'>computer</subfield><subfield code='b'>c</subfield></datafield><datafield ind1=' ' ind2=' ' tag='338'><subfield code='a'>online resource</subfield><subfield code='b'>cr</subfield></datafield><datafield ind1='1' ind2=' ' tag='490'><subfield code='a'>Routledge research in employment relations ;</subfield><subfield code='v'>9</subfield></datafield><datafield ind1=' ' ind2=' ' tag='500'><subfield code='a'>Description based upon print version of record.</subfield></datafield><datafield ind1='0' ind2=' ' tag='505'><subfield code='a'>BookCover; Half-Title; Title; Copyright; Contents; Illustrations; Contributors; 1  Partnership and modernisation in employment relations  An introduction; 2 Partnership and voice, with or without trade unions  Changing UK management approaches to organisational participation; 3  Assessing partnership approaches to lif elong learning  &apos;A new and modern role for trade unions&apos;?; 4  Working corporations; 5 Developing partnership relationships  A case of leveraging power1; 6  Trade union representatives&apos; attitudes and experiences of the principles and practices of partnership</subfield></datafield><datafield ind1='8' ind2=' ' tag='505'><subfield code='a'>7  Management and union motives in the negotiation of partnership8  The promotion and prospects of partnership at Inland Revenue  Employer and union hand in hand?; 9  Breaking with, and breaking, &apos;partnership&apos;  The case of the postal workers and the Royal Mail in Britain; 10  Seeking partnership for the contingent workforce; 11 Social partnership agreements in Britain; 12  Employees&apos; experiences of workplace partnership in the private and public sector; 13  Workplace partnership and the search for dual commitment; 14  Whose (social) partnership?; 15  Where next for partnership?; Index</subfield></datafield><datafield ind1=' ' ind2=' ' tag='520'><subfield code='a'>This collection examines the significance of partnership-based approaches to the modernization of employment relations. Drawing from the work of leading researchers the contemporary interest in partnership is situated within an historical, political and practical context. Particular attention is given to exploring and understanding the practices and experiences of partnership at the workplace.</subfield></datafield><datafield ind1=' ' ind2=' ' tag='546'><subfield code='a'>English</subfield></datafield><datafield ind1=' ' ind2=' ' tag='504'><subfield code='a'>Includes bibliographical references and index.</subfield></datafield><datafield ind1=' ' ind2='0' tag='650'><subfield code='a'>Industrial relations</subfield><subfield code='z'>Great Britain.</subfield></datafield><datafield ind1=' ' ind2='0' tag='650'><subfield code='a'>Management</subfield><subfield code='x'>Employee participation</subfield><subfield code='z'>Great Britain.</subfield></datafield><datafield ind1=' ' ind2='0' tag='650'><subfield code='a'>Labor unions</subfield><subfield code='z'>Great Britain.</subfield></datafield><datafield ind1=' ' ind2='0' tag='650'><subfield code='a'>Labor policy</subfield><subfield code='z'>Great Britain.</subfield></datafield><datafield ind1=' ' ind2='0' tag='650'><subfield code='a'>Industrial relations</subfield><subfield code='x'>Political aspects</subfield><subfield code='z'>Great Britain.</subfield></datafield><datafield ind1=' ' ind2='4' tag='655'><subfield code='a'>Electronic books.</subfield></datafield><datafield ind1=' ' ind2=' ' tag='776'><subfield code='z'>0-415-65068-2</subfield></datafield><datafield ind1=' ' ind2=' ' tag='776'><subfield code='z'>0-415-30431-8</subfield></datafield><datafield ind1='1' ind2=' ' tag='700'><subfield code='a'>Stuart, Mark,</subfield><subfield code='d'>1967-</subfield></datafield><datafield ind1='1' ind2=' ' tag='700'><subfield code='a'>Martinez-Lucio, Miguel,</subfield><subfield code='d'>1960-</subfield></datafield><datafield ind1=' ' ind2='0' tag='830'><subfield code='a'>Routledge Research in Employment Relations</subfield></datafield><datafield ind1=' ' ind2=' ' tag='906'><subfield code='a'>BOOK</subfield></datafield><datafield ind1=' ' ind2=' ' tag='PRT'><subfield code='a'>53398169190003811</subfield><subfield code='b'>https://sandbox01-na.alma.exlibrisgroup.com/view/uresolver/01TULI_INST/openurl?u.ignore_date_coverage=true&amp;rft.mms_id=991036824717803811</subfield><subfield code='e'>EBSCOhost</subfield><subfield code='c'>EBSCOhost Academic eBook Collection (North America)</subfield><subfield code='h'>613640000000000029</subfield><subfield code='8'>53398169190003811</subfield></datafield></record>