
<record xmlns='http://www.loc.gov/MARC21/slim'><leader>01062nam  2200301Ia 4500</leader><controlfield tag='001'>991036760204603811</controlfield><controlfield tag='005'>20170816111746.0</controlfield><controlfield tag='006'>m     o  d |      </controlfield><controlfield tag='007'>cr -n---------</controlfield><controlfield tag='008'>070810s2008    enka    ob    001 0 eng d</controlfield><datafield ind1=' ' ind2=' ' tag='010'><subfield code='z'>  2007934979</subfield></datafield><datafield ind1=' ' ind2=' ' tag='020'><subfield code='a'>1-78402-135-0</subfield></datafield><datafield ind1=' ' ind2=' ' tag='020'><subfield code='a'>1-283-88173-X</subfield></datafield><datafield ind1=' ' ind2=' ' tag='020'><subfield code='a'>1-4462-6630-3</subfield></datafield><datafield ind1=' ' ind2=' ' tag='020'><subfield code='a'>1-84920-043-2</subfield></datafield><datafield ind1=' ' ind2=' ' tag='035'><subfield code='a'>(CKB)3460000000020990</subfield></datafield><datafield ind1=' ' ind2=' ' tag='035'><subfield code='a'>(EBL)1024093</subfield></datafield><datafield ind1=' ' ind2=' ' tag='035'><subfield code='a'>(OCoLC)827617418</subfield></datafield><datafield ind1=' ' ind2=' ' tag='035'><subfield code='a'>(SSID)ssj0000489562</subfield></datafield><datafield ind1=' ' ind2=' ' tag='035'><subfield code='a'>(PQKBManifestationID)12158025</subfield></datafield><datafield ind1=' ' ind2=' ' tag='035'><subfield code='a'>(PQKBTitleCode)TC0000489562</subfield></datafield><datafield ind1=' ' ind2=' ' tag='035'><subfield code='a'>(PQKBWorkID)10462014</subfield></datafield><datafield ind1=' ' ind2=' ' tag='035'><subfield code='a'>(PQKB)10114250</subfield></datafield><datafield ind1=' ' ind2=' ' tag='035'><subfield code='a'>(MiAaPQ)EBC3032374</subfield></datafield><datafield ind1=' ' ind2=' ' tag='035'><subfield code='a'>(EXLCZ)993460000000020990</subfield></datafield><datafield ind1=' ' ind2=' ' tag='040'><subfield code='a'>MiAaPQ</subfield><subfield code='c'>MiAaPQ</subfield><subfield code='d'>MiAaPQ</subfield></datafield><datafield ind1=' ' ind2=' ' tag='041'><subfield code='a'>eng</subfield></datafield><datafield ind1=' ' ind2='4' tag='050'><subfield code='a'>HD6971</subfield><subfield code='b'>.S133 2008</subfield></datafield><datafield ind1='0' ind2='0' tag='082'><subfield code='a'>331</subfield></datafield><datafield ind1='1' ind2=' ' tag='100'><subfield code='a'>Blyton, Paul.</subfield></datafield><datafield ind1='0' ind2='4' tag='245'><subfield code='a'>The SAGE handbook of industrial relations</subfield><subfield code='h'>[electronic resource] /</subfield><subfield code='c'>edited by Paul Blyton ... [et al.].</subfield></datafield><datafield ind1=' ' ind2=' ' tag='260'><subfield code='a'>London ;</subfield><subfield code='a'>Thousand Oaks, Calif. :</subfield><subfield code='b'>SAGE Publications,</subfield><subfield code='c'>2008.</subfield></datafield><datafield ind1=' ' ind2=' ' tag='300'><subfield code='a'>1 online resource (689 p.)</subfield></datafield><datafield ind1=' ' ind2=' ' tag='336'><subfield code='a'>text</subfield><subfield code='b'>txt</subfield></datafield><datafield ind1=' ' ind2=' ' tag='337'><subfield code='a'>computer</subfield><subfield code='b'>c</subfield></datafield><datafield ind1=' ' ind2=' ' tag='338'><subfield code='a'>online resource</subfield><subfield code='b'>cr</subfield></datafield><datafield ind1=' ' ind2=' ' tag='500'><subfield code='a'>Description based upon print version of record.</subfield></datafield><datafield ind1='0' ind2=' ' tag='505'><subfield code='a'>Cover; Contents; List of Figures; List of Tables; Notes on Contributors; Preface; 1 - Introduction: The Field of Industrial Relations; PART ONE: Perspectives and Approaches; 2 - The History of Industrial Relations as a Field of Study; 3 - Industrial Relations and the Social Sciences; 4 - System and Change in Industrial Relations Analysis; 5 - Values, Ideologies, and Framesof Reference in Industrial Relations; 6 - The Influence of Product Markets on Industrial Relations; 7 - Varieties of Capitalism and Industrial Relations; 8 - New Forms of Work and the High Performance Paradigm</subfield></datafield><datafield ind1='8' ind2=' ' tag='505'><subfield code='a'>9 - Changing Traditions in Industrial Relations ResearchPART TWO: The Actors in Industrial Relations; 10 - Trade Union Morphology; 11 - Trade Union Strategy; 12 - Employer Organizations; 13 - Management Strategy and Industrial Relations; 14 - The State in Industrial Relations; 15 - The Legal Framework of Employment Relations; 16 - The State as Employer; 17 - International Actors and International Regulation; 18 - Works Councils; 19 - The Evolution of Stakeholder Regimes: Beyond Neo-Corporatism; PART THREE: Industrial Relations Processes; 20 - Union Formation</subfield></datafield><datafield ind1='8' ind2=' ' tag='505'><subfield code='a'>21 - The Changing Structure of Collective Bargaining22 - The High Performance Work Systems Literature inIndustrial Relations; 23 - Employee Involvement and Direct Participation; 24 - Resolving Conflict; PART FOUR: Industrial Relations Outcomes; 25 - Contingent Work Arrangements; 26 - The Theory and Practice of Pay Setting; 27 - Working Time and Work-Life Balance; 28 - Worker Well-Being; 29 - Industrial Relations Climate; 30 - Equality at Work; 31 - Conflict at Work; 32 - Skill Formation; 33 - Industrial Relations and Business Performance; 34 - Labor Market Institutions Around the World; Index</subfield></datafield><datafield ind1=' ' ind2=' ' tag='520'><subfield code='a'>The Handbook will consist of original chapters by leading international scholars in the Industrial Relations field.</subfield></datafield><datafield ind1=' ' ind2=' ' tag='546'><subfield code='a'>English</subfield></datafield><datafield ind1=' ' ind2=' ' tag='504'><subfield code='a'>Includes bibliographical references and index.</subfield></datafield><datafield ind1=' ' ind2='0' tag='650'><subfield code='a'>Industrial relations.</subfield></datafield><datafield ind1=' ' ind2='0' tag='650'><subfield code='a'>Labor.</subfield></datafield><datafield ind1=' ' ind2='4' tag='655'><subfield code='a'>Electronic books.</subfield></datafield><datafield ind1=' ' ind2=' ' tag='776'><subfield code='z'>1-4129-1154-0</subfield></datafield><datafield ind1='1' ind2=' ' tag='700'><subfield code='a'>Blyton, Paul.</subfield></datafield><datafield ind1=' ' ind2=' ' tag='906'><subfield code='a'>BOOK</subfield></datafield><datafield ind1=' ' ind2=' ' tag='ADM'><subfield code='b'>2018-01-19 22:05:22</subfield><subfield code='e'>993460000000020990</subfield><subfield code='d'>NON_SFX</subfield><subfield code='f'>20160803134623.0</subfield><subfield code='a'>2012-02-26 01:20:23</subfield><subfield code='c'>false</subfield></datafield><datafield ind1=' ' ind2=' ' tag='PRT'><subfield code='a'>53407758320003811</subfield><subfield code='b'>https://sandbox01-na.alma.exlibrisgroup.com/view/uresolver/01TULI_INST/openurl?u.ignore_date_coverage=true&amp;rft.mms_id=991036760204603811</subfield><subfield code='e'>SAGE</subfield><subfield code='9'>Available</subfield><subfield code='c'>SAGE Complete Books, Reference and Navigator Collection 2017</subfield><subfield code='h'>613850000000000738</subfield><subfield code='8'>53407758320003811</subfield></datafield></record>