
<record xmlns='http://www.loc.gov/MARC21/slim'><leader>04071cam a2200589 i 4500</leader><controlfield tag='005'>20180315164832.0</controlfield><controlfield tag='008'>140317t20142014nyu      b    001 0 eng  </controlfield><controlfield tag='001'>991005646389703811</controlfield><datafield ind1=' ' ind2=' ' tag='010'><subfield code='a'>2014002759</subfield></datafield><datafield ind1=' ' ind2=' ' tag='020'><subfield code='a'>9781107071759 (hardback)</subfield></datafield><datafield ind1=' ' ind2=' ' tag='020'><subfield code='a'>1107071755 (hardback)</subfield></datafield><datafield ind1=' ' ind2=' ' tag='020'><subfield code='a'>9781107417755 (paperback)</subfield></datafield><datafield ind1=' ' ind2=' ' tag='020'><subfield code='a'>1107417759 (paperback)</subfield></datafield><datafield ind1=' ' ind2=' ' tag='035'><subfield code='a'>(PPT)b56795543-01tuli_inst</subfield></datafield><datafield ind1=' ' ind2=' ' tag='035'><subfield code='a'>(OCoLC)ocn893651638</subfield><subfield code='9'>ExL</subfield></datafield><datafield ind1=' ' ind2=' ' tag='035'><subfield code='a'>(OCoLC)873723583</subfield><subfield code='z'>(OCoLC)869343323</subfield></datafield><datafield ind1=' ' ind2=' ' tag='035'><subfield code='a'>ocn873723583</subfield></datafield><datafield ind1=' ' ind2=' ' tag='035'><subfield code='a'>(OCLC)ocn873723583</subfield></datafield><datafield ind1=' ' ind2=' ' tag='040'><subfield code='a'>DLC</subfield><subfield code='b'>eng</subfield><subfield code='e'>rda</subfield><subfield code='c'>DLC</subfield><subfield code='d'>BTCTA</subfield><subfield code='d'>YDXCP</subfield><subfield code='d'>OCLCO</subfield><subfield code='d'>OCLCF</subfield><subfield code='d'>OCLCO</subfield></datafield><datafield ind1=' ' ind2=' ' tag='042'><subfield code='a'>pcc</subfield></datafield><datafield ind1=' ' ind2=' ' tag='043'><subfield code='a'>e-gx---</subfield><subfield code='a'>f-sa---</subfield><subfield code='a'>n-us---</subfield></datafield><datafield ind1=' ' ind2=' ' tag='079'><subfield code='a'>ocn873723583</subfield></datafield><datafield ind1=' ' ind2=' ' tag='090'><subfield code='a'>HD8451</subfield><subfield code='b'>.L39 2014</subfield></datafield><datafield ind1='1' ind2=' ' tag='100'><subfield code='a'>Lawrence, Andrew G.,</subfield><subfield code='d'>1966-</subfield><subfield code='e'>author.</subfield></datafield><datafield ind1='1' ind2='0' tag='245'><subfield code='a'>Employer and worker collective action :</subfield><subfield code='b'>a comparative study of Germany, South Africa, and the United States /</subfield><subfield code='c'>Andrew G. Lawrence (Vienna School of International Studies).</subfield></datafield><datafield ind1=' ' ind2='1' tag='264'><subfield code='a'>New York, NY :</subfield><subfield code='b'>Cambridge University Press,</subfield><subfield code='c'>2014.</subfield></datafield><datafield ind1=' ' ind2='4' tag='264'><subfield code='c'>©2014</subfield></datafield><datafield ind1=' ' ind2=' ' tag='300'><subfield code='a'>xv, 356 pages ;</subfield><subfield code='c'>24 cm</subfield></datafield><datafield ind1=' ' ind2=' ' tag='336'><subfield code='a'>text</subfield><subfield code='2'>rdacontent</subfield></datafield><datafield ind1=' ' ind2=' ' tag='337'><subfield code='a'>unmediated</subfield><subfield code='2'>rdamedia</subfield></datafield><datafield ind1=' ' ind2=' ' tag='338'><subfield code='a'>volume</subfield><subfield code='2'>rdacarrier</subfield></datafield><datafield ind1=' ' ind2=' ' tag='504'><subfield code='a'>Includes bibliographical references (pages 351-352) and index.</subfield></datafield><datafield ind1='0' ind2=' ' tag='505'><subfield code='a'>Part I. Power in Theory and Context: 1. Contending theories of labor power; 2. Contextualizing workers&apos; power; Part II. Employer Strategy and Collective Action: 3. Varieties of firm strategy: monopolization, cartelization, concentration; 4. Varieties of employer associations: origins, development, and divergence; Part III. Workers: Outlaws, in the Law, and by the Law: 5. Failed incorporation and union response; 6. Varieties of juridification; Part IV. From Postwar &quot;Golden Quarter Century&quot; to Post-Cold War Interlude: 7. The &quot;Golden Quarter-Century&quot;: revival, containment, or decline?; 8. Union and employer relations after the &quot;Golden Quarter-Century&quot;; Part V. Collective Action before and in the Global Economic Crisis: 9. From Tripartism to global economic crisis; 10. Conclusion: doing the work of crisis without crisis?</subfield></datafield><datafield ind1=' ' ind2=' ' tag='520'><subfield code='a'>&quot;This book compares sources of worker and employer power in Germany, South Africa, and the United States in order to identify the sources of comparative U.S. decline in union power and to more precisely analyze the nature of labor-movement power. It finds that this power is not confined to allied parties, union confederations, or strikes, but rather consists of the capacity to autonomously translate power from one context to the next. By combining their product, labor market, and labor law advantages through their dominant employers&apos; associations, leading firms are able to impose constraints on labor&apos;s free collective bargaining regionally and nationally, defeating employer interests that are more amenable to labor in the process. Through an examination of these patterns of interest organization, the book shows, however, that initial employer advantages prove to be contingent and unstable and that employers are forced to cede to more far-reaching demands of increasingly organized workers&quot;--</subfield><subfield code='c'>Provided by publisher.</subfield></datafield><datafield ind1=' ' ind2='0' tag='650'><subfield code='a'>Working class</subfield><subfield code='z'>Germany</subfield><subfield code='x'>History.</subfield></datafield><datafield ind1=' ' ind2='0' tag='650'><subfield code='a'>Working class</subfield><subfield code='z'>South Africa</subfield><subfield code='x'>History.</subfield></datafield><datafield ind1=' ' ind2='0' tag='650'><subfield code='a'>Working class</subfield><subfield code='z'>United States</subfield><subfield code='x'>History.</subfield></datafield><datafield ind1=' ' ind2='0' tag='650'><subfield code='a'>Labor unions</subfield><subfield code='z'>Germany</subfield><subfield code='x'>History.</subfield></datafield><datafield ind1=' ' ind2='0' tag='650'><subfield code='a'>Labor unions</subfield><subfield code='z'>South Africa</subfield><subfield code='x'>History.</subfield></datafield><datafield ind1=' ' ind2='0' tag='650'><subfield code='a'>Labor unions</subfield><subfield code='z'>United States</subfield><subfield code='x'>History.</subfield></datafield><datafield ind1=' ' ind2='7' tag='650'><subfield code='a'>Labor unions.</subfield><subfield code='2'>fast</subfield><subfield code='0'>(OCoLC)fst00990260</subfield></datafield><datafield ind1=' ' ind2='7' tag='650'><subfield code='a'>Working class.</subfield><subfield code='2'>fast</subfield><subfield code='0'>(OCoLC)fst01180418</subfield></datafield><datafield ind1=' ' ind2='7' tag='651'><subfield code='a'>Germany.</subfield><subfield code='2'>fast</subfield><subfield code='0'>(OCoLC)fst01210272</subfield></datafield><datafield ind1=' ' ind2='7' tag='651'><subfield code='a'>South Africa.</subfield><subfield code='2'>fast</subfield><subfield code='0'>(OCoLC)fst01204616</subfield></datafield><datafield ind1=' ' ind2='7' tag='651'><subfield code='a'>United States.</subfield><subfield code='2'>fast</subfield><subfield code='0'>(OCoLC)fst01204155</subfield></datafield><datafield ind1=' ' ind2='7' tag='655'><subfield code='a'>History.</subfield><subfield code='2'>fast</subfield><subfield code='0'>(OCoLC)fst01411628</subfield></datafield><datafield ind1='4' ind2='2' tag='856'><subfield code='3'>Cover image</subfield><subfield code='u'>http://assets.cambridge.org/97811070/71759/cover/9781107071759.jpg</subfield></datafield><datafield ind1=' ' ind2=' ' tag='907'><subfield code='a'>.b56795543</subfield><subfield code='b'>p    </subfield><subfield code='c'>-</subfield></datafield><datafield ind1=' ' ind2=' ' tag='945'><subfield code='l'>pstk </subfield><subfield code='g'>1</subfield></datafield><datafield ind1=' ' ind2=' ' tag='979'><subfield code='a'>ocn873723583</subfield></datafield><datafield ind1=' ' ind2=' ' tag='998'><subfield code='b'>1</subfield><subfield code='c'>141013</subfield><subfield code='d'>m</subfield><subfield code='e'>a</subfield><subfield code='f'>-</subfield><subfield code='g'>0</subfield></datafield><datafield ind1=' ' ind2=' ' tag='998'><subfield code='b'>1</subfield><subfield code='c'>141013</subfield><subfield code='d'>m</subfield><subfield code='e'>a</subfield><subfield code='f'>-</subfield><subfield code='g'>0</subfield></datafield><datafield ind1=' ' ind2=' ' tag='ADM'><subfield code='b'>2018-03-15 20:48:32</subfield><subfield code='e'>b56795543-01tuli_inst</subfield><subfield code='d'>ILS</subfield><subfield code='a'>2017-06-20 13:35:31</subfield><subfield code='c'>false</subfield></datafield><datafield ind1='0' ind2=' ' tag='HLD'><subfield code='b'>MAIN</subfield><subfield code='c'>stacks</subfield><subfield code='h'>HD8451</subfield><subfield code='i'>.L39 2014</subfield><subfield code='8'>22326036600003811</subfield></datafield><datafield ind1=' ' ind2=' ' tag='ITM'><subfield code='r'>22326036600003811</subfield><subfield code='b'>1</subfield><subfield code='h'>0</subfield><subfield code='g'>stacks</subfield><subfield code='t'>BOOK</subfield><subfield code='9'>39074028693117</subfield><subfield code='e'>stacks</subfield><subfield code='8'>23326036590003811</subfield><subfield code='a'>0</subfield><subfield code='q'>2017-06-20 13:35:31</subfield><subfield code='i'>HD8451 .L39 2014</subfield><subfield code='d'>MAIN</subfield><subfield code='f'>MAIN</subfield></datafield></record>