
<record xmlns='http://www.loc.gov/MARC21/slim'><leader>01212nam  2200349Ia 4500</leader><controlfield tag='001'>991036742540303811</controlfield><controlfield tag='005'>20170920003705.0</controlfield><controlfield tag='006'>m     o  d |      </controlfield><controlfield tag='007'>cr -n---------</controlfield><controlfield tag='008'>100402s2010    vtu     o     001 0 eng d</controlfield><datafield ind1=' ' ind2=' ' tag='010'><subfield code='z'>  2010014399</subfield></datafield><datafield ind1=' ' ind2=' ' tag='020'><subfield code='a'>1-317-09555-3</subfield></datafield><datafield ind1=' ' ind2=' ' tag='020'><subfield code='a'>1-315-59559-1</subfield></datafield><datafield ind1=' ' ind2=' ' tag='020'><subfield code='a'>1-282-61476-2</subfield></datafield><datafield ind1=' ' ind2=' ' tag='020'><subfield code='a'>9786612614767</subfield></datafield><datafield ind1=' ' ind2=' ' tag='020'><subfield code='a'>0-7546-9554-9</subfield></datafield><datafield ind1=' ' ind2=' ' tag='035'><subfield code='a'>(CKB)2670000000028686</subfield></datafield><datafield ind1=' ' ind2=' ' tag='035'><subfield code='a'>(EBL)539831</subfield></datafield><datafield ind1=' ' ind2=' ' tag='035'><subfield code='a'>(OCoLC)645937954</subfield></datafield><datafield ind1=' ' ind2=' ' tag='035'><subfield code='a'>(SSID)ssj0000439705</subfield></datafield><datafield ind1=' ' ind2=' ' tag='035'><subfield code='a'>(PQKBManifestationID)12150081</subfield></datafield><datafield ind1=' ' ind2=' ' tag='035'><subfield code='a'>(PQKBTitleCode)TC0000439705</subfield></datafield><datafield ind1=' ' ind2=' ' tag='035'><subfield code='a'>(PQKBWorkID)10464421</subfield></datafield><datafield ind1=' ' ind2=' ' tag='035'><subfield code='a'>(PQKB)10513418</subfield></datafield><datafield ind1=' ' ind2=' ' tag='035'><subfield code='a'>(MiAaPQ)EBC539831</subfield></datafield><datafield ind1=' ' ind2=' ' tag='035'><subfield code='a'>(EXLCZ)992670000000028686</subfield></datafield><datafield ind1=' ' ind2=' ' tag='040'><subfield code='a'>MiAaPQ</subfield><subfield code='c'>MiAaPQ</subfield><subfield code='d'>MiAaPQ</subfield></datafield><datafield ind1=' ' ind2=' ' tag='041'><subfield code='a'>eng</subfield></datafield><datafield ind1=' ' ind2='4' tag='050'><subfield code='a'>GF50</subfield><subfield code='b'>.B47 2010</subfield></datafield><datafield ind1='0' ind2='0' tag='082'><subfield code='a'>331</subfield></datafield><datafield ind1='1' ind2=' ' tag='100'><subfield code='a'>Bergene, Ann Cecilie.</subfield></datafield><datafield ind1='1' ind2='0' tag='245'><subfield code='a'>Missing links in labour geography</subfield><subfield code='h'>[electronic resource] /</subfield><subfield code='c'>edited by Ann Cecilie Bergene, Sylvi B. Endresen, and Hege Merete Knutsen.</subfield></datafield><datafield ind1=' ' ind2=' ' tag='246'><subfield code='a'>Dynamics of Economic Space </subfield></datafield><datafield ind1=' ' ind2=' ' tag='260'><subfield code='a'>Burlington, VT :</subfield><subfield code='b'>Ashgate,</subfield><subfield code='c'>2010.</subfield></datafield><datafield ind1=' ' ind2=' ' tag='300'><subfield code='a'>1 online resource (257 p.)</subfield></datafield><datafield ind1=' ' ind2=' ' tag='336'><subfield code='a'>text</subfield><subfield code='b'>txt</subfield></datafield><datafield ind1=' ' ind2=' ' tag='337'><subfield code='a'>computer</subfield><subfield code='b'>c</subfield></datafield><datafield ind1=' ' ind2=' ' tag='338'><subfield code='a'>online resource</subfield><subfield code='b'>cr</subfield></datafield><datafield ind1='1' ind2=' ' tag='490'><subfield code='a'>The dynamics of economic space</subfield></datafield><datafield ind1=' ' ind2=' ' tag='500'><subfield code='a'>Description based upon print version of record.</subfield></datafield><datafield ind1='0' ind2=' ' tag='505'><subfield code='a'>Cover; Contents; List of Tables; List of Contributors; Part I Introduction; 1 Re-engaging with Agency in Labour Geography; 2 Labour Geography: Where Have We Been? Where Should We Go?; 3 Re-embedding the Agency of Labour; Part II The Agency of Unions; 4 The Entangled Geographies of Trans-national Labour Solidarity; 5 Exploring the Grassroots&apos; Perspective on Labour Internationalisms; 6 Navigating a Chaotic Consciousness in the Trade Union Movement; 7 Schumpeterian Unionism and &apos;High-Road&apos; Dreams in Toronto&apos;s Hospitality Sector</subfield></datafield><datafield ind1='8' ind2=' ' tag='505'><subfield code='a'>8 Trade Unions as Learning Organizations: The Challenge of Attracting Temporary Staff9 Union Power and the Formal-Informal Divide; Part III Politics of Labour; 10 Between Revolutionary Rhetoric and Class Compromise: Trade Unions and the State; 11 The Constitutive Inside: Contingency, Hegemony, and Labour&apos;s Spatial Fix; 12 Theoretical Approaches to Changing Labour Regimes in Transition Economies; 13 Between Coercion and Consent: Understanding Post-Apartheid Workplace Regimes; Part IV Labour and Strategies of Capital</subfield></datafield><datafield ind1='8' ind2=' ' tag='505'><subfield code='a'>14 Erosion from Above, Erosion from Below: Labour, Value Chain Relegation and Manufacturing Sustainability15 Globalization and the Reworking of Labour Market Segmentation in the Philippines; 16 &apos;We Order 20 Bodies&apos;. Labour Hire and Alienation; Part V Conclusion; 17 Approaches to the Social and Spatial Agency of Labour; Index</subfield></datafield><datafield ind1=' ' ind2=' ' tag='520'><subfield code='a'>Addressing a number of &apos;missing links&apos; in the analysis of labour and its geographies, this volume examines how theoretical perspectives on both labour and the organizations of the labour movement can be refined. Issues of agency, power and collective mobilizations are examined via case studies from the &apos;global north&apos; and &apos;global south&apos; in order to develop a better understanding of labour market processes in developed and developing countries.</subfield></datafield><datafield ind1=' ' ind2=' ' tag='546'><subfield code='a'>English</subfield></datafield><datafield ind1=' ' ind2='0' tag='650'><subfield code='a'>Human geography.</subfield></datafield><datafield ind1=' ' ind2='0' tag='650'><subfield code='a'>Economic geography.</subfield></datafield><datafield ind1=' ' ind2='0' tag='650'><subfield code='a'>Labor movement.</subfield></datafield><datafield ind1=' ' ind2='0' tag='650'><subfield code='a'>Labor unions.</subfield></datafield><datafield ind1=' ' ind2='4' tag='655'><subfield code='a'>Electronic books.</subfield></datafield><datafield ind1='1' ind2=' ' tag='700'><subfield code='a'>Endresen, Sylvi B.</subfield></datafield><datafield ind1='1' ind2=' ' tag='700'><subfield code='a'>Knutsen, Hege Merete.</subfield></datafield><datafield ind1=' ' ind2=' ' tag='776'><subfield code='z'>1-317-09556-1</subfield></datafield><datafield ind1=' ' ind2=' ' tag='776'><subfield code='z'>0-7546-7798-2</subfield></datafield><datafield ind1=' ' ind2='4' tag='830'><subfield code='a'>The Dynamics of Economic Space</subfield></datafield><datafield ind1=' ' ind2=' ' tag='906'><subfield code='a'>BOOK</subfield></datafield><datafield ind1=' ' ind2=' ' tag='PRT'><subfield code='a'>53395275810003811</subfield><subfield code='b'>https://sandbox01-na.alma.exlibrisgroup.com/view/uresolver/01TULI_INST/openurl?u.ignore_date_coverage=true&amp;rft.mms_id=991036742540303811</subfield><subfield code='e'>EBSCOhost</subfield><subfield code='c'>EBSCOhost Academic eBook Collection (North America)</subfield><subfield code='h'>613640000000000029</subfield><subfield code='8'>53395275810003811</subfield></datafield><datafield ind1=' ' ind2=' ' tag='PRT'><subfield code='a'>53420094810003811</subfield><subfield code='b'>https://sandbox01-na.alma.exlibrisgroup.com/view/uresolver/01TULI_INST/openurl?u.ignore_date_coverage=true&amp;rft.mms_id=991036742540303811</subfield><subfield code='e'>Ebook Central</subfield><subfield code='c'>Ebook Central Academic Complete</subfield><subfield code='h'>614200000000000002</subfield><subfield code='8'>53420094810003811</subfield></datafield></record>