
<record xmlns='http://www.loc.gov/MARC21/slim'><leader>01307nam  2200349 i 4500</leader><controlfield tag='001'>991036818483703811</controlfield><controlfield tag='005'>20170924180552.0</controlfield><controlfield tag='006'>m     o  d |      </controlfield><controlfield tag='007'>cr -n---------</controlfield><controlfield tag='008'>161006s2016    enk     o     000 0 eng|d</controlfield><datafield ind1=' ' ind2=' ' tag='020'><subfield code='a'>1-78635-405-5</subfield></datafield><datafield ind1=' ' ind2=' ' tag='035'><subfield code='a'>(CKB)3710000000861626</subfield></datafield><datafield ind1=' ' ind2=' ' tag='035'><subfield code='a'>(EBL)4689661</subfield></datafield><datafield ind1=' ' ind2=' ' tag='035'><subfield code='a'>(OCoLC)959149486</subfield></datafield><datafield ind1=' ' ind2=' ' tag='035'><subfield code='a'>(MiAaPQ)EBC4689661</subfield></datafield><datafield ind1=' ' ind2=' ' tag='035'><subfield code='a'>(EXLCZ)993710000000861626</subfield></datafield><datafield ind1=' ' ind2=' ' tag='040'><subfield code='a'>MiAaPQ</subfield><subfield code='b'>eng</subfield><subfield code='e'>rda</subfield><subfield code='e'>pn</subfield><subfield code='c'>MiAaPQ</subfield><subfield code='d'>MiAaPQ</subfield></datafield><datafield ind1=' ' ind2='4' tag='050'><subfield code='a'>HD6955</subfield><subfield code='b'>.R47 2016</subfield></datafield><datafield ind1='0' ind2='0' tag='082'><subfield code='a'>331</subfield></datafield><datafield ind1='1' ind2=' ' tag='100'><subfield code='a'>Vallas, Steven.</subfield></datafield><datafield ind1='0' ind2='0' tag='245'><subfield code='a'>Research in the sociology of work /</subfield><subfield code='c'>edited by Steven Vallas, Northeastern University, USA.</subfield></datafield><datafield ind1=' ' ind2=' ' tag='246'><subfield code='a'>Research in the Sociology of Work </subfield></datafield><datafield ind1=' ' ind2=' ' tag='250'><subfield code='a'>First edition.</subfield></datafield><datafield ind1=' ' ind2='1' tag='264'><subfield code='a'>Bingley :</subfield><subfield code='b'>Emerald,</subfield><subfield code='c'>2016.</subfield></datafield><datafield ind1=' ' ind2=' ' tag='300'><subfield code='a'>1 online resource (294 p.)</subfield></datafield><datafield ind1=' ' ind2=' ' tag='336'><subfield code='a'>text</subfield><subfield code='2'>rdacontent</subfield></datafield><datafield ind1=' ' ind2=' ' tag='337'><subfield code='a'>computer</subfield><subfield code='2'>rdamedia</subfield></datafield><datafield ind1=' ' ind2=' ' tag='338'><subfield code='a'>online resource</subfield><subfield code='2'>rdacarrier</subfield></datafield><datafield ind1='1' ind2=' ' tag='490'><subfield code='a'>Research in the sociology of work ;</subfield><subfield code='v'>volume 29</subfield></datafield><datafield ind1=' ' ind2=' ' tag='500'><subfield code='a'>Description based upon print version of record.</subfield></datafield><datafield ind1='0' ind2=' ' tag='505'><subfield code='a'>Front Cover; Research in the Sociology of Work; Copyright Page; Contents; Editorial Advisory Board; List of Contributors; The Changing Field of Workplace Sociology: An Introduction to Volume 29; Note; References; Part I: Identity Work; Work Identity without Steady Work: Lessons from Stage Actors; Work Identity, Contingent Work, and Artistic Work; Acting the Part; Data; I am an Actor; Challenges to Identity; Prospects for Making a Living; Identity Threats; Sacrifices; Sustaining Identity; The Longer Term; Conclusion; Notes; Acknowledgments; References</subfield></datafield><datafield ind1='8' ind2=' ' tag='505'><subfield code='a'>&quot;I&apos;m a Teacher, Not a Babysitter&quot;: Workers&apos; Strategies for Managing Identity-Related Denials of Dignity in the Early Childhood WorkplaceIntroduction; Background; Struggles for Control: Constraints in Interactive Service Work; Workers&apos; Agency: Behaviors that Transform Constraints into Resources; Identity Processes in the Workplace; ECE as an Occupation and the Institutional Context of Preschools; The Study: Methods and Data; Analysis; Findings; Public Daycares; Private Daycares; Public Dayschools; Private Dayschools; Discussion; Implications for Theory and Future Research</subfield></datafield><datafield ind1='8' ind2=' ' tag='505'><subfield code='a'>Implications for PolicyLimitations; Conclusion; Notes; Acknowledgments; References; Part II: Authority and Control at Work; Job Authority and Stratification Beliefs; Workplace Experiences and Stratification Beliefs; Stratification Beliefs as a Consequence of Job Conditions; Stratification Beliefs through Hierarchical Interactions; Stratification Beliefs as a Function of Managerial Tasks; Empirical Support and Expectations: Authority and Beliefs; Data and Methods; Dependent Variables; Support for Redistributive Policy; Functional Necessity of Inequality; Independent Variables</subfield></datafield><datafield ind1='8' ind2=' ' tag='505'><subfield code='a'>Amount of Authority TasksAuthority Tenure; Other Independent Variables; Ideology; Workplace and Human Capital Characteristics; Material Rewards in the Workplace; Sociodemographic Indicators; Analytic Strategy and Results; Authority Tasks and Stratification Beliefs; The Impact of Authority Task by Tenure and Context, and in the Face of Controls; Attributing Causation to Authority Experiences; Conclusion; Notes; Acknowledgments; References; Appendix; Matching Up: Producing Proximal Service in a Los Angeles Restaurant; Introduction; Producing Interactive Service Work; Methods; Match Restaurant</subfield></datafield><datafield ind1='8' ind2=' ' tag='505'><subfield code='a'>Assembling Proximal ServiceDoing Proximal Service in Service Interactions; Discussion and Conclusion; Notes; Acknowledgments; References; Control from on High: Cloud-Computing, Skill, and Acute Frustration among Analytics Workers in the Digital Publishing Industry; Introduction; Skill, Technology, and Control; Pleasurably Immersive Technologies; Background on Advertising-Supported Media and the Sale of Audiences; Case Features and Methodology; Assembling an Audience Commodity; Separating Measurement from Interpretation; Discussion; Labor Process Theory and Control over Skill</subfield></datafield><datafield ind1='8' ind2=' ' tag='505'><subfield code='a'>Affectively Binding Technology</subfield></datafield><datafield ind1=' ' ind2=' ' tag='520'><subfield code='a'>This volume includes contributions which discuss: work and identity, including the experiences of actors and teachers; authority and control at work, including insights from the hospitality and publishing industries; and issues of gender and sexuality in the workplace, including insights on sexual harassment in the workplace.</subfield></datafield><datafield ind1=' ' ind2=' ' tag='588'><subfield code='a'>Description based on online resource; title from PDF title page (ebrary, viewed October 6, 2016).</subfield></datafield><datafield ind1=' ' ind2='4' tag='655'><subfield code='a'>Electronic books.</subfield></datafield><datafield ind1=' ' ind2='0' tag='650'><subfield code='a'>Industrial sociology.</subfield></datafield><datafield ind1=' ' ind2='0' tag='650'><subfield code='a'>Industries</subfield><subfield code='x'>Social aspects.</subfield></datafield><datafield ind1=' ' ind2='0' tag='650'><subfield code='a'>Labor.</subfield></datafield><datafield ind1='1' ind2=' ' tag='700'><subfield code='a'>Vallas, Steven,</subfield><subfield code='e'>editor.</subfield></datafield><datafield ind1=' ' ind2=' ' tag='776'><subfield code='z'>1-78635-406-3</subfield></datafield><datafield ind1=' ' ind2='0' tag='830'><subfield code='a'>Research in the Sociology of Work</subfield></datafield><datafield ind1=' ' ind2=' ' tag='906'><subfield code='a'>BOOK</subfield></datafield><datafield ind1=' ' ind2=' ' tag='ADM'><subfield code='b'>2018-01-30 09:46:33</subfield><subfield code='e'>(CKB)3710000000861626</subfield><subfield code='d'>CKB</subfield><subfield code='f'>20161024011046.0</subfield><subfield code='a'>2016-09-21 07:43:41</subfield><subfield code='c'>false</subfield></datafield><datafield ind1=' ' ind2=' ' tag='PRT'><subfield code='a'>53395590900003811</subfield><subfield code='b'>https://sandbox01-na.alma.exlibrisgroup.com/view/uresolver/01TULI_INST/openurl?u.ignore_date_coverage=true&amp;rft.mms_id=991036818483703811</subfield><subfield code='e'>EBSCOhost</subfield><subfield code='9'>Available</subfield><subfield code='c'>EBSCOhost Academic eBook Collection (North America)</subfield><subfield code='h'>613640000000000029</subfield><subfield code='8'>53395590900003811</subfield></datafield></record>