
<record xmlns='http://www.loc.gov/MARC21/slim'><leader>02670nam a22004455i 4500</leader><controlfield tag='001'>991036802020103811</controlfield><controlfield tag='005'>20180327115214.0</controlfield><controlfield tag='006'>m     o  d |      </controlfield><controlfield tag='007'>cr nn 008mamaa</controlfield><controlfield tag='008'>161018s2016    gw |    o    |||| 0|eng d</controlfield><datafield ind1=' ' ind2=' ' tag='020'><subfield code='a'>3-319-44541-3</subfield></datafield><datafield ind1='7' ind2=' ' tag='024'><subfield code='a'>10.1007/978-3-319-44541-0</subfield><subfield code='2'>doi</subfield></datafield><datafield ind1=' ' ind2=' ' tag='035'><subfield code='a'>(CKB)3710000000909126</subfield></datafield><datafield ind1=' ' ind2=' ' tag='035'><subfield code='a'>(DE-He213)978-3-319-44541-0</subfield></datafield><datafield ind1=' ' ind2=' ' tag='035'><subfield code='a'>(MiAaPQ)EBC4720732</subfield></datafield><datafield ind1=' ' ind2=' ' tag='035'><subfield code='a'>(EXLCZ)993710000000909126</subfield></datafield><datafield ind1=' ' ind2=' ' tag='040'><subfield code='a'>MiAaPQ</subfield><subfield code='b'>eng</subfield><subfield code='e'>rda</subfield><subfield code='e'>pn</subfield><subfield code='c'>MiAaPQ</subfield><subfield code='d'>MiAaPQ</subfield></datafield><datafield ind1=' ' ind2='4' tag='050'><subfield code='a'>HD4801-8943</subfield></datafield><datafield ind1=' ' ind2='7' tag='072'><subfield code='a'>KCF</subfield><subfield code='2'>bicssc</subfield></datafield><datafield ind1=' ' ind2='7' tag='072'><subfield code='a'>BUS038000</subfield><subfield code='2'>bisacsh</subfield></datafield><datafield ind1='0' ind2='4' tag='082'><subfield code='a'>331</subfield><subfield code='2'>23</subfield></datafield><datafield ind1='1' ind2=' ' tag='100'><subfield code='a'>Consiglio, Stefano.</subfield><subfield code='e'>author.</subfield></datafield><datafield ind1='1' ind2='0' tag='245'><subfield code='a'>Temporary Work Agencies in Italy</subfield><subfield code='h'>[electronic resource] :</subfield><subfield code='b'>Evolution and Impact on the Labour Market /</subfield><subfield code='c'>by Stefano Consiglio, Luigi Moschera.</subfield></datafield><datafield ind1=' ' ind2='1' tag='264'><subfield code='a'>Cham :</subfield><subfield code='b'>Springer International Publishing :</subfield><subfield code='b'>Imprint: Springer,</subfield><subfield code='c'>2016.</subfield></datafield><datafield ind1=' ' ind2=' ' tag='300'><subfield code='a'>1 online resource (XI, 137 p. 7 illus., 3 illus. in color.) </subfield></datafield><datafield ind1=' ' ind2=' ' tag='336'><subfield code='a'>text</subfield><subfield code='b'>txt</subfield><subfield code='2'>rdacontent</subfield></datafield><datafield ind1=' ' ind2=' ' tag='337'><subfield code='a'>computer</subfield><subfield code='b'>c</subfield><subfield code='2'>rdamedia</subfield></datafield><datafield ind1=' ' ind2=' ' tag='338'><subfield code='a'>online resource</subfield><subfield code='b'>cr</subfield><subfield code='2'>rdacarrier</subfield></datafield><datafield ind1=' ' ind2=' ' tag='347'><subfield code='a'>text file</subfield><subfield code='b'>PDF</subfield><subfield code='2'>rda</subfield></datafield><datafield ind1='1' ind2=' ' tag='490'><subfield code='a'>SpringerBriefs in Economics,</subfield><subfield code='x'>2191-5504</subfield></datafield><datafield ind1=' ' ind2=' ' tag='588'><subfield code='a'>Description based on online resource; title from PDF title page (ebrary, viewed October 27, 2016).</subfield></datafield><datafield ind1='0' ind2=' ' tag='505'><subfield code='a'>Introduction -- Employment Agency and Temporary Work Agency -- Temporary Work Agencies in Italy -- The actors in the Italian Temporary Work Agencies&apos; Field -- The Structure and Performances of Temporary Work Agencies -- Financial and Economic Performance -- The New Institutional Approach to Analyze the Italian Temporary Work Agencies&apos; Field.</subfield></datafield><datafield ind1=' ' ind2=' ' tag='520'><subfield code='a'>The book analyzes the rise and evolution of the Temporary Work Agencies&apos; (TWAs) field in Italy. Using an in-depth longitudinal analysis from 1986 to 2015, the authors study the evolution of the Italian labor market, analyzing the interaction between players in the TWA sector and the influence of the regulatory framework on the actors&apos; behavior. In addition the work delivers a precise description of the strategies and structures in Italian TWAs and contributes to increasing the understanding of the use of contingent work in this sector. The book provides a unique description of the Italian TWA sector giving not only the complete history from the early beginning to nowadays, but also key performance and structural data.</subfield></datafield><datafield ind1=' ' ind2='0' tag='650'><subfield code='a'>Temporary employment</subfield><subfield code='z'>Italy.</subfield></datafield><datafield ind1=' ' ind2='0' tag='650'><subfield code='a'>Employment agencies</subfield><subfield code='z'>Italy.</subfield></datafield><datafield ind1=' ' ind2='0' tag='650'><subfield code='a'>Labor market</subfield><subfield code='z'>Italy.</subfield></datafield><datafield ind1=' ' ind2='4' tag='655'><subfield code='a'>Electronic books.</subfield></datafield><datafield ind1=' ' ind2=' ' tag='776'><subfield code='z'>3-319-44539-1</subfield></datafield><datafield ind1='1' ind2=' ' tag='700'><subfield code='a'>Moschera, Luigi.</subfield><subfield code='e'>author.</subfield></datafield><datafield ind1=' ' ind2='0' tag='830'><subfield code='a'>SpringerBriefs in Economics,</subfield><subfield code='x'>2191-5504</subfield></datafield><datafield ind1=' ' ind2=' ' tag='906'><subfield code='a'>BOOK</subfield></datafield><datafield ind1=' ' ind2=' ' tag='ADM'><subfield code='b'>2018-03-28 12:00:44</subfield><subfield code='e'>993710000000909126</subfield><subfield code='d'>NON_SFX</subfield><subfield code='f'>20161018075223.0</subfield><subfield code='a'>2016-11-05 17:53:58</subfield><subfield code='c'>false</subfield></datafield><datafield ind1=' ' ind2=' ' tag='PRT'><subfield code='a'>53366934410003811</subfield><subfield code='b'>https://sandbox01-na.alma.exlibrisgroup.com/view/uresolver/01TULI_INST/openurl?u.ignore_date_coverage=true&amp;rft.mms_id=991036802020103811</subfield><subfield code='e'>Springer Link</subfield><subfield code='9'>Available</subfield><subfield code='c'>SpringerLink Books Complete</subfield><subfield code='h'>611000000000001381</subfield><subfield code='8'>53366934410003811</subfield></datafield></record>