
<record xmlns='http://www.loc.gov/MARC21/slim'><leader>01243nam  2200337 a 4500</leader><controlfield tag='001'>991036814155203811</controlfield><controlfield tag='005'>20170809160152.0</controlfield><controlfield tag='006'>m     o  d |      </controlfield><controlfield tag='007'>cr -n---------</controlfield><controlfield tag='008'>960813s1996    miu     ob    011 0 eng d</controlfield><datafield ind1=' ' ind2=' ' tag='010'><subfield code='z'>   96041343 </subfield></datafield><datafield ind1=' ' ind2=' ' tag='020'><subfield code='a'>0-585-28029-0</subfield></datafield><datafield ind1=' ' ind2=' ' tag='035'><subfield code='a'>(CKB)111004365716648</subfield></datafield><datafield ind1=' ' ind2=' ' tag='035'><subfield code='a'>(EBL)3417151</subfield></datafield><datafield ind1=' ' ind2=' ' tag='035'><subfield code='a'>(OCoLC)923515599</subfield></datafield><datafield ind1=' ' ind2=' ' tag='035'><subfield code='a'>(SSID)ssj0000213595</subfield></datafield><datafield ind1=' ' ind2=' ' tag='035'><subfield code='a'>(PQKBManifestationID)12024811</subfield></datafield><datafield ind1=' ' ind2=' ' tag='035'><subfield code='a'>(PQKBTitleCode)TC0000213595</subfield></datafield><datafield ind1=' ' ind2=' ' tag='035'><subfield code='a'>(PQKBWorkID)10151656</subfield></datafield><datafield ind1=' ' ind2=' ' tag='035'><subfield code='a'>(PQKB)11297264</subfield></datafield><datafield ind1=' ' ind2=' ' tag='035'><subfield code='a'>(MiAaPQ)EBC3417151</subfield></datafield><datafield ind1=' ' ind2=' ' tag='035'><subfield code='a'>(EXLCZ)99111004365716648</subfield></datafield><datafield ind1=' ' ind2=' ' tag='040'><subfield code='a'>MiAaPQ</subfield><subfield code='c'>MiAaPQ</subfield><subfield code='d'>MiAaPQ</subfield></datafield><datafield ind1=' ' ind2=' ' tag='041'><subfield code='a'>eng</subfield></datafield><datafield ind1=' ' ind2=' ' tag='043'><subfield code='a'>n-us---</subfield></datafield><datafield ind1=' ' ind2='4' tag='050'><subfield code='a'>HD8072.5</subfield><subfield code='b'>.O35 1996</subfield></datafield><datafield ind1='0' ind2='0' tag='082'><subfield code='a'>331.12/042/0973</subfield></datafield><datafield ind1='1' ind2=' ' tag='100'><subfield code='a'>Mangum, Garth L.</subfield></datafield><datafield ind1='0' ind2='0' tag='245'><subfield code='a'>Of heart and mind</subfield><subfield code='h'>[electronic resource] :</subfield><subfield code='b'>social policy essays in honor of Sar A. Levitan /</subfield><subfield code='c'>Garth Mangum, Stephen Mangum, editors.</subfield></datafield><datafield ind1=' ' ind2=' ' tag='260'><subfield code='a'>Kalamazoo, Mich. :</subfield><subfield code='b'>W.E. Upjohn Institute for Employment Research,</subfield><subfield code='c'>1996.</subfield></datafield><datafield ind1=' ' ind2=' ' tag='300'><subfield code='a'>1 online resource (439 p.)</subfield></datafield><datafield ind1=' ' ind2=' ' tag='336'><subfield code='a'>text</subfield><subfield code='b'>txt</subfield></datafield><datafield ind1=' ' ind2=' ' tag='337'><subfield code='a'>computer</subfield><subfield code='b'>c</subfield></datafield><datafield ind1=' ' ind2=' ' tag='338'><subfield code='a'>online resource</subfield><subfield code='b'>cr</subfield></datafield><datafield ind1=' ' ind2=' ' tag='500'><subfield code='a'>Description based upon print version of record.</subfield></datafield><datafield ind1='0' ind2=' ' tag='505'><subfield code='a'>Contents ; Chapter 1. Introduction/Stephen Mangum; Chapter 2. Secular Rabbi. The Life and Times of Sar A. Levitan/Garth Mangum; Chapter 3. Young Workers, Young Families, and Child Poverty/Andrew Sum;  Clifford Johnson;  Neal Fogg; Chapter 4. Ethnic Differences in School Departure. Does Youth Employment Promote or Undermine Educational Attainment?/Marta Tienda;  Avner Ahituv ; Chapter 5. MDTA and CETA. A Personal Revisit/Eli Ginzberg ; Chapter 6. Vocational Education Accountability in a &quot;&quot;Block-Grant-to-States&quot;&quot; World. Historical Perspective/David W. Stevens</subfield></datafield><datafield ind1='8' ind2=' ' tag='505'><subfield code='a'>Chapter 7. Employment Service Revisited/Miriam Johnson Chapter 8. Contingent Work and the Role of Labor Market Intermediaries/Audrey Freedman; Chapter 9. Minimum Wage Policy and Research.What&apos;s a Person to Believe?/Stephen E. Baldwin;  Robert S. Goldfarb; Chapter 10. Public Sector Job Creation. A Review of Past Experience and Its Relevance to the Future/William Grinker ; Chapter 11. Achieving National Economic and Social Goals. The Counterproductive Role of Post-1965 Immigration Policy/Vernon M. Briggs, Jr.</subfield></datafield><datafield ind1='8' ind2=' ' tag='505'><subfield code='a'>Chapter 12. The Baby and the Bath Water. Lessons for the Next Employment and Training Program/Burt S. Barnow Christopher T. King; Chapter 13. Toward Quality Programs for At-Risk Youth/Susan P. Curnan;  Alan Melchior;  Alan Zuckerman ; Chapter 14. Welfare Reform. Lessons from the JOBS Program/Irene Lurie;  Colletta Moser ; Chapter 15. What Should Be Our Human Capital Investment Policy?/James J. Heckman; Chapter 16. Employment and Unemployment Statistics Revisited/Markley Roberts; Chapter 17. The Prospects for Arbitration in the Nonunion Sector/Trevor Bain</subfield></datafield><datafield ind1='8' ind2=' ' tag='505'><subfield code='a'>Sar A. Levitan. Bibliography. 1950-1994 Index ; About the Institute</subfield></datafield><datafield ind1=' ' ind2=' ' tag='546'><subfield code='a'>English</subfield></datafield><datafield ind1=' ' ind2=' ' tag='504'><subfield code='a'>Includes bibliographical references and index.</subfield></datafield><datafield ind1=' ' ind2='0' tag='650'><subfield code='a'>Labor policy</subfield><subfield code='z'>United States.</subfield></datafield><datafield ind1=' ' ind2='0' tag='650'><subfield code='a'>Full employment policies</subfield><subfield code='z'>United States.</subfield></datafield><datafield ind1=' ' ind2='4' tag='655'><subfield code='a'>Electronic books.</subfield></datafield><datafield ind1='1' ind2='0' tag='600'><subfield code='a'>Levitan, Sar A.</subfield></datafield><datafield ind1=' ' ind2=' ' tag='776'><subfield code='z'>0-88099-171-2</subfield></datafield><datafield ind1='1' ind2=' ' tag='700'><subfield code='a'>Levitan, Sar A.</subfield></datafield><datafield ind1='1' ind2=' ' tag='700'><subfield code='a'>Mangum, Garth L.</subfield></datafield><datafield ind1='1' ind2=' ' tag='700'><subfield code='a'>Mangum, Stephen L.</subfield></datafield><datafield ind1=' ' ind2=' ' tag='906'><subfield code='a'>BOOK</subfield></datafield><datafield ind1=' ' ind2=' ' tag='ADM'><subfield code='b'>2017-11-17 19:54:29</subfield><subfield code='e'>111004365716648</subfield><subfield code='d'>PQNKB</subfield><subfield code='f'>20160803134623.0</subfield><subfield code='a'>2012-02-25 22:16:31</subfield><subfield code='c'>false</subfield></datafield><datafield ind1=' ' ind2=' ' tag='PRT'><subfield code='a'>53392875740003811</subfield><subfield code='b'>https://sandbox01-na.alma.exlibrisgroup.com/view/uresolver/01TULI_INST/openurl?u.ignore_date_coverage=true&amp;rft.mms_id=991036814155203811</subfield><subfield code='e'>EBSCOhost</subfield><subfield code='9'>Available</subfield><subfield code='c'>EBSCOhost Academic eBook Collection (North America)</subfield><subfield code='h'>613640000000000029</subfield><subfield code='8'>53392875740003811</subfield></datafield></record>