
<record xmlns='http://www.loc.gov/MARC21/slim'><leader>02343nam a22004574a 4500</leader><controlfield tag='005'>20180315183632.0</controlfield><controlfield tag='008'>070228s2006    miu      b    001 0deng  </controlfield><controlfield tag='001'>991014749959703811</controlfield><datafield ind1=' ' ind2=' ' tag='010'><subfield code='a'>2005033299</subfield></datafield><datafield ind1=' ' ind2=' ' tag='020'><subfield code='a'>0880992786 (pbk. : alk. paper)</subfield></datafield><datafield ind1=' ' ind2=' ' tag='020'><subfield code='a'>0880992794 (hardcover : alk. paper)</subfield></datafield><datafield ind1=' ' ind2=' ' tag='020'><subfield code='a'>0880992824 (pbk. : alk. paper)</subfield></datafield><datafield ind1=' ' ind2=' ' tag='020'><subfield code='a'>0880992832 (hardcover : alk. paper)</subfield></datafield><datafield ind1=' ' ind2=' ' tag='020'><subfield code='a'>9780880992787 (pbk. : alk. paper)</subfield></datafield><datafield ind1=' ' ind2=' ' tag='020'><subfield code='a'>9780880992794 (hardcover : alk. paper)</subfield></datafield><datafield ind1=' ' ind2=' ' tag='020'><subfield code='a'>9780880992824</subfield></datafield><datafield ind1=' ' ind2=' ' tag='020'><subfield code='a'>9780880992831</subfield></datafield><datafield ind1=' ' ind2=' ' tag='035'><subfield code='a'>(PPT)b3076161x-01tuli_inst</subfield></datafield><datafield ind1=' ' ind2=' ' tag='035'><subfield code='a'>PATL07-B596</subfield></datafield><datafield ind1=' ' ind2=' ' tag='040'><subfield code='a'>DLC</subfield><subfield code='c'>DLC</subfield><subfield code='d'>C#P</subfield><subfield code='d'>OCLCQ</subfield><subfield code='d'>PUL</subfield><subfield code='d'>DLC</subfield></datafield><datafield ind1=' ' ind2=' ' tag='042'><subfield code='a'>pcc</subfield></datafield><datafield ind1=' ' ind2=' ' tag='043'><subfield code='a'>n-us---</subfield></datafield><datafield ind1=' ' ind2=' ' tag='090'><subfield code='a'>HD6508</subfield><subfield code='b'>.J87 2006</subfield></datafield><datafield ind1='0' ind2='0' tag='245'><subfield code='a'>Justice on the job :</subfield><subfield code='b'>perspectives on the erosion of collective bargaining in the United States /</subfield><subfield code='c'>Richard N. Block ... [et al.], editors.</subfield></datafield><datafield ind1=' ' ind2=' ' tag='260'><subfield code='a'>Kalamazoo, Mich. :</subfield><subfield code='b'>W.E. Upjohn Institute for Employment Research,</subfield><subfield code='c'>2006.</subfield></datafield><datafield ind1=' ' ind2=' ' tag='300'><subfield code='a'>vi, 355 p. ;</subfield><subfield code='c'>23 cm.</subfield></datafield><datafield ind1=' ' ind2=' ' tag='504'><subfield code='a'>Includes bibliographical references and index.</subfield></datafield><datafield ind1='0' ind2=' ' tag='505'><subfield code='a'>An introduction to the current state of workers&apos; rights -- A logical extreme -- International elections standards and NLRB representation elections -- Collective bargaining rights in the public sector -- Significant victories -- Bad service jobs -- Dancing with the smoke monster -- Supreme Court supervisory status decisions -- Law and collective bargaining power -- America&apos;s union-free movement in light of international human rights standards -- The United States and ILO conventions 87 and 98 -- Members-only collective bargaining -- The commercial temp agency, the union hiring hall, and the contingent workforce -- No more business as usual.</subfield></datafield><datafield ind1=' ' ind2='0' tag='650'><subfield code='a'>Collective bargaining</subfield><subfield code='z'>United States.</subfield></datafield><datafield ind1=' ' ind2='0' tag='650'><subfield code='a'>Labor unions</subfield><subfield code='z'>United States.</subfield></datafield><datafield ind1=' ' ind2='0' tag='650'><subfield code='a'>Job security</subfield><subfield code='z'>United States.</subfield></datafield><datafield ind1=' ' ind2='0' tag='650'><subfield code='a'>Employee rights</subfield><subfield code='z'>United States.</subfield></datafield><datafield ind1=' ' ind2='0' tag='650'><subfield code='a'>Industrial relations</subfield><subfield code='z'>United States.</subfield></datafield><datafield ind1='1' ind2=' ' tag='700'><subfield code='a'>Block, Richard N.</subfield></datafield><datafield ind1='4' ind2='1' tag='856'><subfield code='z'>Table of contents only:</subfield><subfield code='u'>http://www.loc.gov/catdir/toc/ecip063/2005033299.html</subfield></datafield><datafield ind1=' ' ind2='1' tag='901'><subfield code='a'>HD6508</subfield><subfield code='b'>.J87 2006</subfield><subfield code='i'>39074804480606</subfield><subfield code='l'>lstk</subfield><subfield code='t'>051</subfield><subfield code='s'>o</subfield><subfield code='z'>090</subfield></datafield><datafield ind1=' ' ind2=' ' tag='907'><subfield code='a'>.b3076161x</subfield><subfield code='b'>l    </subfield><subfield code='c'>-</subfield></datafield><datafield ind1=' ' ind2=' ' tag='907'><subfield code='a'>.b3076161x</subfield></datafield><datafield ind1=' ' ind2=' ' tag='945'><subfield code='l'>lstk </subfield><subfield code='g'>1</subfield></datafield><datafield ind1=' ' ind2=' ' tag='998'><subfield code='b'>1</subfield><subfield code='c'>070228</subfield><subfield code='d'>m</subfield><subfield code='e'>a</subfield><subfield code='f'>-</subfield><subfield code='g'>0</subfield></datafield><datafield ind1=' ' ind2=' ' tag='998'><subfield code='b'>1</subfield><subfield code='c'>070228</subfield><subfield code='d'>m</subfield><subfield code='e'>a</subfield><subfield code='f'>-</subfield><subfield code='g'>0</subfield></datafield><datafield ind1=' ' ind2=' ' tag='ADM'><subfield code='b'>2018-03-15 22:36:32</subfield><subfield code='e'>b3076161x-01tuli_inst</subfield><subfield code='d'>ILS</subfield><subfield code='a'>2017-06-20 07:29:46</subfield><subfield code='c'>false</subfield></datafield><datafield ind1='0' ind2=' ' tag='HLD'><subfield code='b'>LAW</subfield><subfield code='c'>closestack</subfield><subfield code='h'>HD6508</subfield><subfield code='i'>.J87 2006</subfield><subfield code='8'>22267461800003811</subfield></datafield><datafield ind1=' ' ind2=' ' tag='ITM'><subfield code='r'>22267461800003811</subfield><subfield code='b'>1</subfield><subfield code='h'>0</subfield><subfield code='g'>closestack</subfield><subfield code='t'>BOOK</subfield><subfield code='9'>39074804480606</subfield><subfield code='e'>closestack</subfield><subfield code='8'>23267461790003811</subfield><subfield code='a'>0</subfield><subfield code='q'>2017-06-20 07:29:46</subfield><subfield code='i'>HD6508 .J87 2006</subfield><subfield code='d'>LAW</subfield><subfield code='f'>LAW</subfield></datafield></record>