
<record xmlns='http://www.loc.gov/MARC21/slim'><leader>03359cam a2200565 i 4500</leader><controlfield tag='005'>20180315124828.0</controlfield><controlfield tag='008'>151009s2017    enk      b    001 0 eng  </controlfield><controlfield tag='001'>991030027489703811</controlfield><datafield ind1=' ' ind2=' ' tag='010'><subfield code='a'>2015037155</subfield></datafield><datafield ind1=' ' ind2=' ' tag='020'><subfield code='a'>9780745653563</subfield><subfield code='q'>(hardback)</subfield></datafield><datafield ind1=' ' ind2=' ' tag='020'><subfield code='a'>0745653561</subfield><subfield code='q'>(hardback)</subfield></datafield><datafield ind1=' ' ind2=' ' tag='020'><subfield code='a'>9780745653570</subfield><subfield code='q'>(pbk.)</subfield></datafield><datafield ind1=' ' ind2=' ' tag='020'><subfield code='a'>074565357X</subfield><subfield code='q'>(pbk.)</subfield></datafield><datafield ind1=' ' ind2=' ' tag='035'><subfield code='a'>(PPT)b64114260-01tuli_inst</subfield></datafield><datafield ind1=' ' ind2=' ' tag='035'><subfield code='a'>(OCoLC)924683247</subfield><subfield code='z'>(OCoLC)923562042</subfield><subfield code='z'>(OCoLC)961933034</subfield><subfield code='z'>(OCoLC)961933916</subfield></datafield><datafield ind1=' ' ind2=' ' tag='035'><subfield code='a'>ocn924683247</subfield></datafield><datafield ind1=' ' ind2=' ' tag='035'><subfield code='a'>(OCLC)ocn924683247</subfield></datafield><datafield ind1=' ' ind2=' ' tag='040'><subfield code='a'>DLC</subfield><subfield code='b'>eng</subfield><subfield code='e'>rda</subfield><subfield code='c'>DLC</subfield><subfield code='d'>PUL</subfield><subfield code='d'>OCLCF</subfield><subfield code='d'>YDXCP</subfield><subfield code='d'>BDX</subfield><subfield code='d'>DEBSZ</subfield><subfield code='d'>JOY</subfield><subfield code='d'>OCLCQ</subfield></datafield><datafield ind1=' ' ind2=' ' tag='042'><subfield code='a'>pcc</subfield></datafield><datafield ind1=' ' ind2=' ' tag='079'><subfield code='a'>ocn924683247</subfield></datafield><datafield ind1=' ' ind2=' ' tag='090'><subfield code='a'>HC79.I55</subfield><subfield code='b'>S3565 2017</subfield></datafield><datafield ind1='1' ind2=' ' tag='100'><subfield code='a'>Scholz, Trebor,</subfield><subfield code='e'>author.</subfield></datafield><datafield ind1='1' ind2='0' tag='245'><subfield code='a'>Uberworked and underpaid :</subfield><subfield code='b'>how workers are disrupting the digital economy /</subfield><subfield code='c'>Trebor Scholz.</subfield></datafield><datafield ind1=' ' ind2='1' tag='264'><subfield code='a'>Cambridge, UK ;</subfield><subfield code='a'>Malden, MA :</subfield><subfield code='b'>Polity Press,</subfield><subfield code='c'>2017.</subfield></datafield><datafield ind1=' ' ind2=' ' tag='300'><subfield code='a'>x, 242 pages ;</subfield><subfield code='c'>24 cm</subfield></datafield><datafield ind1=' ' ind2=' ' tag='336'><subfield code='a'>text</subfield><subfield code='b'>txt</subfield><subfield code='2'>rdacontent</subfield></datafield><datafield ind1=' ' ind2=' ' tag='337'><subfield code='a'>unmediated</subfield><subfield code='b'>n</subfield><subfield code='2'>rdamedia</subfield></datafield><datafield ind1=' ' ind2=' ' tag='338'><subfield code='a'>volume</subfield><subfield code='b'>nc</subfield><subfield code='2'>rdacarrier</subfield></datafield><datafield ind1=' ' ind2=' ' tag='504'><subfield code='a'>Includes bibliographical references and index.</subfield></datafield><datafield ind1='0' ind2=' ' tag='505'><subfield code='a'>Introduction: Why digital labor now? -- Wages labor and the end of employment -- Playbor and other unpaid pursuits -- Vocabulary -- Crowd fleecing -- Legal gray zones -- On selective engagement -- The rise of platform cooperativism -- Epilogue.</subfield></datafield><datafield ind1=' ' ind2=' ' tag='520'><subfield code='a'>&quot;This book is about the rise of digital labor. Companies like Uber and Amazon Mechanical Turk promise autonomy, choice, and flexibility. One of network culture&apos;s toughest critics, Trebor Scholz chronicles the work of workers in the &quot;sharing economy,&quot; and the free labor on sites like Facebook, to take these myths apart. In this rich, accessible, and provocative book, Scholz exposes the uncaring reality of contingent digital work, which is thriving at the expense of employment and worker rights. The book is meant to inspire readers to join the growing number of worker-owned &quot;platform cooperatives,&quot; rethink unions, and build a better future of work. A call to action, loud and clear, [this book] shows that it is time to stop wage theft and &quot;crowd fleecing,&quot; rethink wealth distribution, and address the urgent question of how digital labor should be regulated and how workers from Berlin, Barcelona, Seattle, and São Paulo can act in solidarity to defend their rights.&quot;--Amazon.com.</subfield></datafield><datafield ind1=' ' ind2='0' tag='650'><subfield code='a'>Information technology</subfield><subfield code='x'>Economic aspects.</subfield></datafield><datafield ind1=' ' ind2='0' tag='650'><subfield code='a'>Information technology</subfield><subfield code='x'>Social aspects.</subfield></datafield><datafield ind1=' ' ind2='0' tag='650'><subfield code='a'>Social media</subfield><subfield code='x'>Economic aspects.</subfield></datafield><datafield ind1=' ' ind2='0' tag='650'><subfield code='a'>Labor.</subfield></datafield><datafield ind1=' ' ind2='0' tag='650'><subfield code='a'>Electronic commerce</subfield><subfield code='x'>Social aspects.</subfield></datafield><datafield ind1=' ' ind2='0' tag='650'><subfield code='a'>Internet industry.</subfield></datafield><datafield ind1=' ' ind2='7' tag='650'><subfield code='a'>Electronic commerce</subfield><subfield code='x'>Social aspects.</subfield><subfield code='2'>fast</subfield><subfield code='0'>(OCoLC)fst00906920</subfield></datafield><datafield ind1=' ' ind2='7' tag='650'><subfield code='a'>Information technology</subfield><subfield code='x'>Economic aspects.</subfield><subfield code='2'>fast</subfield><subfield code='0'>(OCoLC)fst00973097</subfield></datafield><datafield ind1=' ' ind2='7' tag='650'><subfield code='a'>Information technology</subfield><subfield code='x'>Social aspects.</subfield><subfield code='2'>fast</subfield><subfield code='0'>(OCoLC)fst00973131</subfield></datafield><datafield ind1=' ' ind2='7' tag='650'><subfield code='a'>Internet industry.</subfield><subfield code='2'>fast</subfield><subfield code='0'>(OCoLC)fst00977265</subfield></datafield><datafield ind1=' ' ind2='7' tag='650'><subfield code='a'>Labor.</subfield><subfield code='2'>fast</subfield><subfield code='0'>(OCoLC)fst00989798</subfield></datafield><datafield ind1=' ' ind2='7' tag='650'><subfield code='a'>Social media</subfield><subfield code='x'>Economic aspects.</subfield><subfield code='2'>fast</subfield><subfield code='0'>(OCoLC)fst01767769</subfield></datafield><datafield ind1='4' ind2=' ' tag='856'><subfield code='3'>Cover</subfield><subfield code='u'>http://swbplus.bsz-bw.de/bsz46803675xcov.htm</subfield><subfield code='v'>20160530095607</subfield></datafield><datafield ind1=' ' ind2=' ' tag='907'><subfield code='a'>.b64114260</subfield><subfield code='b'>multi</subfield><subfield code='c'>-</subfield></datafield><datafield ind1=' ' ind2=' ' tag='945'><subfield code='l'>jtcas</subfield><subfield code='g'>1</subfield></datafield><datafield ind1=' ' ind2=' ' tag='945'><subfield code='l'>pstk </subfield><subfield code='g'>1</subfield></datafield><datafield ind1=' ' ind2=' ' tag='979'><subfield code='a'>ocn924683247</subfield></datafield><datafield ind1=' ' ind2=' ' tag='998'><subfield code='b'>3</subfield><subfield code='c'>170213</subfield><subfield code='d'>m</subfield><subfield code='e'>a</subfield><subfield code='f'>-</subfield><subfield code='g'>0</subfield></datafield><datafield ind1=' ' ind2=' ' tag='998'><subfield code='b'>1</subfield><subfield code='c'>170213</subfield><subfield code='d'>m</subfield><subfield code='e'>a</subfield><subfield code='f'>-</subfield><subfield code='g'>0</subfield></datafield><datafield ind1='0' ind2=' ' tag='HLD'><subfield code='b'>MAIN</subfield><subfield code='c'>stacks</subfield><subfield code='h'>HC79.I55</subfield><subfield code='i'>S3565 2017</subfield><subfield code='8'>22326547500003811</subfield></datafield><datafield ind1='0' ind2=' ' tag='HLD'><subfield code='b'>JAPAN</subfield><subfield code='c'>stacks</subfield><subfield code='h'>HC79.I55</subfield><subfield code='i'>S3565 2017</subfield><subfield code='8'>22326547520003811</subfield></datafield><datafield ind1=' ' ind2=' ' tag='ITM'><subfield code='b'>1</subfield><subfield code='h'>0</subfield><subfield code='g'>stacks</subfield><subfield code='9'>31982070483724</subfield><subfield code='e'>stacks</subfield><subfield code='8'>23326547510003811</subfield><subfield code='a'>0</subfield><subfield code='q'>2017-06-20 13:41:00</subfield><subfield code='i'>HC79.I55 S3565 2017</subfield><subfield code='d'>JAPAN</subfield><subfield code='r'>2018-03-22 07:55:39</subfield><subfield code='f'>JAPAN</subfield></datafield><datafield ind1=' ' ind2=' ' tag='ITM'><subfield code='b'>1</subfield><subfield code='h'>0</subfield><subfield code='g'>stacks</subfield><subfield code='9'>39074030188825</subfield><subfield code='e'>stacks</subfield><subfield code='8'>23326547490003811</subfield><subfield code='a'>0</subfield><subfield code='q'>2017-06-20 13:41:00</subfield><subfield code='i'>HC79.I55 S3565 2017</subfield><subfield code='d'>MAIN</subfield><subfield code='r'>2018-05-08 12:08:52</subfield><subfield code='f'>MAIN</subfield></datafield></record>