
<record xmlns='http://www.loc.gov/MARC21/slim'><leader>01805cam a2200433 a 4500</leader><controlfield tag='005'>20170825203659.0</controlfield><controlfield tag='008'>080222s2008    nju      b    001 0 eng  </controlfield><controlfield tag='001'>991032239399703811</controlfield><datafield ind1=' ' ind2=' ' tag='010'><subfield code='a'>2008007126</subfield></datafield><datafield ind1=' ' ind2=' ' tag='020'><subfield code='a'>9781572738362 (hardbound)</subfield></datafield><datafield ind1=' ' ind2=' ' tag='020'><subfield code='a'>9781572738379 (paperbound)</subfield></datafield><datafield ind1=' ' ind2=' ' tag='035'><subfield code='a'>(PPT)b36542891-01tuli_inst</subfield></datafield><datafield ind1=' ' ind2=' ' tag='035'><subfield code='a'>(DLC)ocn492533250</subfield><subfield code='9'>ExL</subfield></datafield><datafield ind1=' ' ind2=' ' tag='035'><subfield code='a'>ocn212432472</subfield></datafield><datafield ind1=' ' ind2=' ' tag='035'><subfield code='a'>(OCLC)ocn212432472</subfield></datafield><datafield ind1=' ' ind2=' ' tag='040'><subfield code='a'>DLC</subfield><subfield code='c'>DLC</subfield><subfield code='d'>DLC</subfield></datafield><datafield ind1=' ' ind2=' ' tag='043'><subfield code='a'>n-us---</subfield></datafield><datafield ind1=' ' ind2=' ' tag='079'><subfield code='a'>ocn212432472</subfield></datafield><datafield ind1=' ' ind2=' ' tag='090'><subfield code='a'>LB2335.865.U6</subfield><subfield code='b'>C37 2008</subfield></datafield><datafield ind1='1' ind2=' ' tag='100'><subfield code='a'>Carter, Christopher,</subfield><subfield code='d'>1974 May 24-</subfield></datafield><datafield ind1='1' ind2='0' tag='245'><subfield code='a'>Rhetoric and resistance in the corporate academy /</subfield><subfield code='c'>Christopher Carter.</subfield></datafield><datafield ind1=' ' ind2=' ' tag='260'><subfield code='a'>Cresskill, NJ :</subfield><subfield code='b'>Hampton Press,</subfield><subfield code='c'>c2008.</subfield></datafield><datafield ind1=' ' ind2=' ' tag='300'><subfield code='a'>x, 188 p. ;</subfield><subfield code='c'>24 cm.</subfield></datafield><datafield ind1='0' ind2=' ' tag='490'><subfield code='a'>Research and teaching in rhetoric and composition</subfield></datafield><datafield ind1=' ' ind2=' ' tag='504'><subfield code='a'>Includes bibliographical references (p. 161-176) and indexes.</subfield></datafield><datafield ind1='0' ind2=' ' tag='505'><subfield code='a'>Introduction : rhetoric and resistance in the corporate academy -- Marketing excellence in higher education multiple meanings, singular topos -- Faculty unions and the pursuit of workplace justice -- Laboring against contingency -- The student as organic intellectual -- By whose authority? The ethos of graduate labor.</subfield></datafield><datafield ind1=' ' ind2='0' tag='650'><subfield code='a'>Universities and colleges</subfield><subfield code='x'>Employees</subfield><subfield code='x'>Labor unions</subfield><subfield code='x'>Organizing</subfield><subfield code='z'>United States.</subfield></datafield><datafield ind1=' ' ind2='0' tag='650'><subfield code='a'>College teachers, Part-time</subfield><subfield code='x'>Salaries, etc.</subfield><subfield code='z'>United States.</subfield></datafield><datafield ind1=' ' ind2='0' tag='650'><subfield code='a'>Graduate teaching assistants</subfield><subfield code='x'>Salaries, etc.</subfield><subfield code='z'>United States.</subfield></datafield><datafield ind1=' ' ind2=' ' tag='901'><subfield code='a'>BNA</subfield></datafield><datafield ind1=' ' ind2=' ' tag='901'><subfield code='a'>R4739056</subfield></datafield><datafield ind1=' ' ind2=' ' tag='902'><subfield code='a'>110801</subfield></datafield><datafield ind1=' ' ind2=' ' tag='902'><subfield code='a'>081022AB0701</subfield></datafield><datafield ind1='0' ind2='0' tag='905'><subfield code='a'>Research &amp; teaching in rhetoric &amp; composition</subfield></datafield><datafield ind1=' ' ind2=' ' tag='907'><subfield code='a'>.b36542891</subfield><subfield code='b'>p    </subfield><subfield code='c'>-</subfield></datafield><datafield ind1=' ' ind2=' ' tag='945'><subfield code='l'>pstk </subfield><subfield code='g'>1</subfield></datafield><datafield ind1=' ' ind2=' ' tag='979'><subfield code='a'>ocn212432472</subfield></datafield><datafield ind1=' ' ind2=' ' tag='998'><subfield code='b'>1</subfield><subfield code='c'>081029</subfield><subfield code='d'>m</subfield><subfield code='e'>a</subfield><subfield code='f'>-</subfield><subfield code='g'>0</subfield></datafield><datafield ind1=' ' ind2=' ' tag='998'><subfield code='b'>1</subfield><subfield code='c'>081029</subfield><subfield code='d'>m</subfield><subfield code='e'>a</subfield><subfield code='f'>-</subfield><subfield code='g'>0</subfield></datafield><datafield ind1=' ' ind2=' ' tag='ADM'><subfield code='b'>2017-08-26 00:36:59</subfield><subfield code='e'>b36542891-01tuli_inst</subfield><subfield code='d'>ILS</subfield><subfield code='a'>2017-06-20 06:03:31</subfield><subfield code='c'>false</subfield></datafield><datafield ind1='0' ind2=' ' tag='HLD'><subfield code='b'>MAIN</subfield><subfield code='c'>stacks</subfield><subfield code='h'>LB2335.865.U6</subfield><subfield code='i'>C37 2008</subfield><subfield code='8'>22240492420003811</subfield></datafield><datafield ind1=' ' ind2=' ' tag='ITM'><subfield code='r'>22240492420003811</subfield><subfield code='b'>1</subfield><subfield code='h'>0</subfield><subfield code='g'>stacks</subfield><subfield code='t'>BOOK</subfield><subfield code='9'>39074025269259</subfield><subfield code='e'>stacks</subfield><subfield code='8'>23240492390003811</subfield><subfield code='a'>0</subfield><subfield code='q'>2017-06-20 06:03:31</subfield><subfield code='i'>LB2335.865.U6 C37 2008</subfield><subfield code='d'>MAIN</subfield><subfield code='f'>MAIN</subfield></datafield></record>