
<record xmlns='http://www.loc.gov/MARC21/slim'><leader>03223nam a22004093u 4500</leader><controlfield tag='001'>991036733322003811</controlfield><controlfield tag='005'>20170821174412.0</controlfield><controlfield tag='006'>m        d        </controlfield><controlfield tag='007'>cr -n---------</controlfield><controlfield tag='008'>170301s2006|||||||     s|||||||||||eng|d</controlfield><datafield ind1=' ' ind2=' ' tag='020'><subfield code='a'>1-4294-5482-2</subfield></datafield><datafield ind1=' ' ind2=' ' tag='035'><subfield code='a'>(CKB)1000000000246986</subfield></datafield><datafield ind1=' ' ind2=' ' tag='035'><subfield code='a'>(EBL)3417117</subfield></datafield><datafield ind1=' ' ind2=' ' tag='035'><subfield code='a'>(EXLCZ)991000000000246986</subfield></datafield><datafield ind1=' ' ind2=' ' tag='040'><subfield code='a'>AU-PeEL</subfield><subfield code='b'>eng</subfield><subfield code='c'>AU-PeEL</subfield><subfield code='d'>AU-PeEL</subfield></datafield><datafield ind1=' ' ind2='4' tag='050'><subfield code='a'>HD6508.J87 2006eb</subfield></datafield><datafield ind1='0' ind2='0' tag='082'><subfield code='a'>331.890973</subfield></datafield><datafield ind1='1' ind2=' ' tag='100'><subfield code='a'>Block, Richard N.</subfield></datafield><datafield ind1=' ' ind2=' ' tag='210'><subfield code='a'>JUSTICE ON THE JOB</subfield></datafield><datafield ind1='1' ind2='0' tag='245'><subfield code='a'>Justice on the Job</subfield><subfield code='h'>[electronic resource] :</subfield><subfield code='b'>Perspectives on the Erosion of Collective Bargaining in the United States</subfield></datafield><datafield ind1=' ' ind2=' ' tag='260'><subfield code='a'>Kalamazoo :</subfield><subfield code='b'>W. E. Upjohn Institute for Employment Research,</subfield><subfield code='c'>2006.</subfield></datafield><datafield ind1=' ' ind2=' ' tag='300'><subfield code='a'>1 online resource (363 p.)</subfield></datafield><datafield ind1=' ' ind2=' ' tag='500'><subfield code='a'>Description based upon print version of record.</subfield></datafield><datafield ind1='0' ind2=' ' tag='505'><subfield code='a'>&quot;&quot;Contents&quot;&quot;; &quot;&quot;1 - An Introduction to the Current State of Workers&apos; Rights, by Richard N. Block, Sheldon Friedman, Michelle Kaminski, and Andy Levin&quot;&quot;; &quot;&quot;2 - A Logical Extreme: Proposing Human Rights as the Foundation for Workers&apos; Rights in the United States, by James A. Gross&quot;&quot;; &quot;&quot;3 - International Elections Standards and NLRB Representation Elections, by David I. Cingranelli&quot;&quot;; &quot;&quot;4 - Collective Bargaining Rights in the Public Sector: Promises and Reality, by Donald S. Wasserman&quot;&quot;</subfield></datafield><datafield ind1='8' ind2=' ' tag='505'><subfield code='a'>&quot;&quot;5 - Significan Victories: An Analysis of Union First Contracts, by Tom Juravich, Kate Bronfenbrenner, and Robert Hickey&quot;&quot;&quot;&quot;6 - Bad Service Jobs: Can Unions Save Them? Can They Save Unions? by Laura Dresser and Annette Bernhardt&quot;&quot;; &quot;&quot;7 - Dancing with the Smoke Monster: Employer Motivations for Negotiating Neutrality and Card Check Agreements, by Adrienne E. Eaton and Jill Kriesky&quot;&quot;; &quot;&quot;8 - Supreme Court Supervisory Status Decisions: The Impact on the Organizing of Nurses, by Steven E. Abraham, Adrienne E. Eaton, and Paula B. Voos&quot;&quot;</subfield></datafield><datafield ind1='8' ind2=' ' tag='505'><subfield code='a'>&quot;&quot;9 - Law and Collective Bargaining Power: An Experiment to Test Labor Law Reform Proposals, by Gangaram Singh and Ellen Dannin&quot;&quot;&quot;&quot;10 - America&apos;s Union-Free Movement in Light of International Human Rights Standards, by Roy J. Adams&quot;&quot;; &quot;&quot;11 - The United States and ILO Conventions 87 and 98: The Freedom of Association and the Right to Bargain Collectively, by Richard McIntyre and Matthew M. Bodah&quot;&quot;; &quot;&quot;12 - Members-Only Collective Bargaining: A Back-to-Basics Approach to Union Organizing, by Charles J. Morris&quot;&quot;</subfield></datafield><datafield ind1='8' ind2=' ' tag='505'><subfield code='a'>&quot;&quot;13 - The Commercial Temp Agency, the Union Hiring Hall, and the Contingent Workforce: Toward a Legal Reclassification of For-Profit Labor Market Intermediaries, by Harris Freeman and George Gonos&quot;&quot;&quot;&quot;14 - No More Business as Usual: Using Pension Activism to Protect Workers&apos; Rights, by Jayne Elizabeth Zanglein&quot;&quot;; &quot;&quot;The Authors&quot;&quot;; &quot;&quot;Index&quot;&quot;; &quot;&quot;About the Institute&quot;&quot;</subfield></datafield><datafield ind1=' ' ind2='4' tag='650'><subfield code='a'>Collective bargaining -- United States.</subfield></datafield><datafield ind1=' ' ind2='4' tag='650'><subfield code='a'>Electronic books. -- local.</subfield></datafield><datafield ind1=' ' ind2='4' tag='650'><subfield code='a'>Employee rights -- United States.</subfield></datafield><datafield ind1=' ' ind2='4' tag='650'><subfield code='a'>Industrial relations -- United States.</subfield></datafield><datafield ind1=' ' ind2='4' tag='650'><subfield code='a'>Job security -- United States.</subfield></datafield><datafield ind1=' ' ind2='4' tag='650'><subfield code='a'>Labor unions -- United States.</subfield></datafield><datafield ind1=' ' ind2='0' tag='655'><subfield code='a'>Electronic books.</subfield></datafield><datafield ind1='1' ind2=' ' tag='700'><subfield code='a'>Friedman, Sheldon.</subfield></datafield><datafield ind1='1' ind2=' ' tag='700'><subfield code='a'>Kaminski, Michelle.</subfield></datafield><datafield ind1=' ' ind2=' ' tag='776'><subfield code='z'>0-88099-279-4</subfield></datafield><datafield ind1=' ' ind2=' ' tag='906'><subfield code='a'>BOOK</subfield></datafield><datafield ind1=' ' ind2=' ' tag='PRT'><subfield code='a'>53395799730003811</subfield><subfield code='b'>https://sandbox01-na.alma.exlibrisgroup.com/view/uresolver/01TULI_INST/openurl?u.ignore_date_coverage=true&amp;rft.mms_id=991036733322003811</subfield><subfield code='e'>EBSCOhost</subfield><subfield code='c'>EBSCOhost eBook Community College Collection</subfield><subfield code='h'>613860000000000003</subfield><subfield code='8'>53395799730003811</subfield></datafield><datafield ind1=' ' ind2=' ' tag='PRT'><subfield code='a'>53422776120003811</subfield><subfield code='b'>https://sandbox01-na.alma.exlibrisgroup.com/view/uresolver/01TULI_INST/openurl?u.ignore_date_coverage=true&amp;rft.mms_id=991036733322003811</subfield><subfield code='e'>Ebook Central</subfield><subfield code='c'>Ebook Central Academic Complete</subfield><subfield code='h'>614200000000000002</subfield><subfield code='8'>53422776120003811</subfield></datafield><datafield ind1=' ' ind2=' ' tag='PRT'><subfield code='a'>53405756320003811</subfield><subfield code='b'>https://sandbox01-na.alma.exlibrisgroup.com/view/uresolver/01TULI_INST/openurl?u.ignore_date_coverage=true&amp;rft.mms_id=991036733322003811</subfield><subfield code='e'>EBSCOhost</subfield><subfield code='c'>eBook Business Collection</subfield><subfield code='h'>613790000000001579</subfield><subfield code='8'>53405756320003811</subfield></datafield><datafield ind1=' ' ind2=' ' tag='PRT'><subfield code='a'>53424546890003811</subfield><subfield code='b'>https://sandbox01-na.alma.exlibrisgroup.com/view/uresolver/01TULI_INST/openurl?u.ignore_date_coverage=true&amp;rft.mms_id=991036733322003811</subfield><subfield code='e'>Ebook Central</subfield><subfield code='c'>Ebook Central College Complete</subfield><subfield code='h'>614330000000000032</subfield><subfield code='8'>53424546890003811</subfield></datafield><datafield ind1=' ' ind2=' ' tag='PRT'><subfield code='a'>53393300540003811</subfield><subfield code='b'>https://sandbox01-na.alma.exlibrisgroup.com/view/uresolver/01TULI_INST/openurl?u.ignore_date_coverage=true&amp;rft.mms_id=991036733322003811</subfield><subfield code='e'>EBSCOhost</subfield><subfield code='c'>EBSCOhost Academic eBook Collection (North America)</subfield><subfield code='h'>613640000000000029</subfield><subfield code='8'>53393300540003811</subfield></datafield></record>