
<record xmlns='http://www.loc.gov/MARC21/slim'><leader>03671cam a2200481 a 4500</leader><controlfield tag='005'>20180315165527.0</controlfield><controlfield tag='008'>100305s2011    nyuab    b    001 0deng  </controlfield><controlfield tag='001'>991006790769703811</controlfield><datafield ind1=' ' ind2=' ' tag='010'><subfield code='a'>2010007440</subfield></datafield><datafield ind1=' ' ind2=' ' tag='020'><subfield code='a'>9780199742660 (hardcover : alk. paper)</subfield></datafield><datafield ind1=' ' ind2=' ' tag='020'><subfield code='a'>0199742669 (hardcover : alk. paper)</subfield></datafield><datafield ind1=' ' ind2=' ' tag='035'><subfield code='a'>(PPT)b44997334-01tuli_inst</subfield></datafield><datafield ind1=' ' ind2=' ' tag='035'><subfield code='a'>(OCoLC)ocn698177296</subfield><subfield code='9'>ExL</subfield></datafield><datafield ind1=' ' ind2=' ' tag='035'><subfield code='a'>(OCoLC)551196878</subfield><subfield code='z'>(OCoLC)660519205</subfield></datafield><datafield ind1=' ' ind2=' ' tag='035'><subfield code='a'>ocn551196878</subfield></datafield><datafield ind1=' ' ind2=' ' tag='035'><subfield code='a'>(OCLC)ocn551196878</subfield></datafield><datafield ind1=' ' ind2=' ' tag='040'><subfield code='a'>DLC</subfield><subfield code='c'>DLC</subfield><subfield code='d'>YDX</subfield><subfield code='d'>YDXCP</subfield><subfield code='d'>UKM</subfield><subfield code='d'>CDX</subfield></datafield><datafield ind1=' ' ind2=' ' tag='043'><subfield code='a'>e-ur---</subfield><subfield code='a'>e-ru---</subfield></datafield><datafield ind1=' ' ind2=' ' tag='049'><subfield code='a'>IG$A</subfield></datafield><datafield ind1=' ' ind2=' ' tag='079'><subfield code='a'>ocn551196878</subfield></datafield><datafield ind1=' ' ind2=' ' tag='090'><subfield code='a'>DK268.M59</subfield><subfield code='b'>A3 2011</subfield></datafield><datafield ind1='1' ind2=' ' tag='100'><subfield code='a'>Mochulsky, Fyodor Vasilevich,</subfield><subfield code='d'>1919-1999.</subfield></datafield><datafield ind1='1' ind2='0' tag='245'><subfield code='a'>Gulag boss :</subfield><subfield code='b'>a Soviet memoir /</subfield><subfield code='c'>Fyodor Vasilevich Mochulsky ; translated and edited by Deborah Kaple.</subfield></datafield><datafield ind1=' ' ind2=' ' tag='260'><subfield code='a'>New York :</subfield><subfield code='b'>Oxford University Press,</subfield><subfield code='c'>2011.</subfield></datafield><datafield ind1=' ' ind2=' ' tag='300'><subfield code='a'>xxxvii, 229 p. :</subfield><subfield code='b'>ill., maps ;</subfield><subfield code='c'>22 cm.</subfield></datafield><datafield ind1=' ' ind2=' ' tag='504'><subfield code='a'>Includes bibliographical references and index.</subfield></datafield><datafield ind1='0' ind2=' ' tag='505'><subfield code='a'>pt. 1. Gulag from the outside -- The NKVD : villain or protector? -- First acquaintance with Gulag NKVD : meeting at the Central Committee of the CPSU -- Meeting in the Cadres Department of Gulag NKVD -- Forty-five days to Pechorlag -- pt. 2. Gulag from the inside -- At the Construction Administration -- Unit foreman, first contingent of prisoners : Soviet volunteer ski troops in the Finnish War -- The unit bosses -- A change in leadership at Pechorlag -- Transferred to the 93rd Unit, labor force : hardened criminals -- Attempted prisoner revolt in the 93rd Unit -- Boss and foreman at the 95th Unit, labor force : political prisoners -- Threat of arrest -- The war -- Illness -- Recovery and return to work in the southern part of the camp -- Boss of a militarized section, labor force : captured German prisoners of war -- Boss of a railway division, labor force : professional railwaymen -- The &quot;liberated&quot; secretary of the Communist Youth Organization -- Fascist military landing force -- Deputy boss in the Political Department for Komsomol work at the NKVD&apos;s Road Building Camp No. 3 -- pt. 3. Interesting asides -- Some railroad recollections -- Peschanka, a village of dekulakized people on the River Pechora -- The countryside of Komi on the River Usa -- Women at Pechorlag -- A fellow traveler from Abez to Pechora -- pt. 4. Final words -- The end of my story -- The real essence of the Gulag -- Afterword: The nature of memoir -- Appendix 1: Pretexts for arrest under Lenin and Stalin period -- Appendix 2: Article 58 of the RSFSR Criminal Code -- Appendix 3: Glossary.</subfield></datafield><datafield ind1='1' ind2='0' tag='600'><subfield code='a'>Mochulsky, Fyodor Vasilevich,</subfield><subfield code='d'>1919-1999.</subfield></datafield><datafield ind1='1' ind2='0' tag='610'><subfield code='a'>Soviet Union.</subfield><subfield code='b'>Narodnyĭ komissariat vnutrennikh del</subfield><subfield code='x'>Officials and employees</subfield><subfield code='v'>Biography.</subfield></datafield><datafield ind1='2' ind2='0' tag='610'><subfield code='a'>Glavnoe upravlenie ispravitelʹno-trudovykh lagereĭ OGPU</subfield><subfield code='x'>History.</subfield></datafield><datafield ind1=' ' ind2='0' tag='650'><subfield code='a'>Prisons</subfield><subfield code='z'>Soviet Union</subfield><subfield code='x'>Officials and employees</subfield><subfield code='v'>Biography.</subfield></datafield><datafield ind1=' ' ind2='0' tag='650'><subfield code='a'>Concentration camps</subfield><subfield code='z'>Russia (Federation)</subfield><subfield code='z'>Pechora River Region</subfield><subfield code='x'>History</subfield><subfield code='y'>20th century.</subfield></datafield><datafield ind1=' ' ind2='0' tag='650'><subfield code='a'>Political prisoners</subfield><subfield code='z'>Russia (Federation)</subfield><subfield code='z'>Pechora River Region</subfield><subfield code='x'>History</subfield><subfield code='y'>20th century.</subfield></datafield><datafield ind1=' ' ind2='0' tag='650'><subfield code='a'>Political prisoners</subfield><subfield code='z'>Russia (Federation)</subfield><subfield code='z'>Pechora River Region</subfield><subfield code='x'>Social conditions</subfield><subfield code='y'>20th century.</subfield></datafield><datafield ind1=' ' ind2='0' tag='650'><subfield code='a'>Forced labor</subfield><subfield code='z'>Russia (Federation)</subfield><subfield code='z'>Pechora River Region</subfield><subfield code='x'>History</subfield><subfield code='y'>20th century.</subfield></datafield><datafield ind1=' ' ind2='0' tag='651'><subfield code='a'>Soviet Union</subfield><subfield code='x'>History</subfield><subfield code='y'>1925-1953</subfield><subfield code='v'>Biography.</subfield></datafield><datafield ind1=' ' ind2='0' tag='651'><subfield code='a'>Pechora River Region (Russia)</subfield><subfield code='x'>History</subfield><subfield code='y'>20th century.</subfield></datafield><datafield ind1='1' ind2=' ' tag='700'><subfield code='a'>Kaple, Deborah A.</subfield></datafield><datafield ind1=' ' ind2=' ' tag='907'><subfield code='a'>.b44997334</subfield><subfield code='b'>p    </subfield><subfield code='c'>-</subfield></datafield><datafield ind1=' ' ind2=' ' tag='945'><subfield code='l'>pstk </subfield><subfield code='g'>1</subfield></datafield><datafield ind1=' ' ind2=' ' tag='979'><subfield code='a'>ocn551196878</subfield></datafield><datafield ind1=' ' ind2=' ' tag='998'><subfield code='b'>1</subfield><subfield code='c'>110107</subfield><subfield code='d'>m</subfield><subfield code='e'>a</subfield><subfield code='f'>-</subfield><subfield code='g'>0</subfield></datafield><datafield ind1=' ' ind2=' ' tag='998'><subfield code='b'>1</subfield><subfield code='c'>110107</subfield><subfield code='d'>m</subfield><subfield code='e'>a</subfield><subfield code='f'>-</subfield><subfield code='g'>0</subfield></datafield><datafield ind1=' ' ind2=' ' tag='ADM'><subfield code='b'>2018-03-15 20:55:27</subfield><subfield code='e'>b44997334-01tuli_inst</subfield><subfield code='d'>ILS</subfield><subfield code='a'>2017-06-20 10:08:21</subfield><subfield code='c'>false</subfield></datafield><datafield ind1='0' ind2=' ' tag='HLD'><subfield code='b'>MAIN</subfield><subfield code='c'>stacks</subfield><subfield code='h'>DK268.M59</subfield><subfield code='i'>A3 2011</subfield><subfield code='8'>22300222920003811</subfield></datafield><datafield ind1=' ' ind2=' ' tag='ITM'><subfield code='r'>22300222920003811</subfield><subfield code='b'>1</subfield><subfield code='h'>0</subfield><subfield code='g'>stacks</subfield><subfield code='t'>BOOK</subfield><subfield code='9'>39074026217422</subfield><subfield code='e'>stacks</subfield><subfield code='8'>23300222910003811</subfield><subfield code='a'>0</subfield><subfield code='q'>2017-06-20 10:08:21</subfield><subfield code='i'>DK268.M59 A3 2011</subfield><subfield code='d'>MAIN</subfield><subfield code='f'>MAIN</subfield></datafield></record>