
<record xmlns='http://www.loc.gov/MARC21/slim'><leader>01301cam  2200325 a 4500</leader><controlfield tag='001'>991036815467703811</controlfield><controlfield tag='005'>20170809154015.0</controlfield><controlfield tag='006'>m     o  d |      </controlfield><controlfield tag='007'>cr -n---------</controlfield><controlfield tag='008'>870505s1987    quca    ob    000 0 fre  </controlfield><datafield ind1=' ' ind2=' ' tag='016'><subfield code='z'> 870059238  </subfield></datafield><datafield ind1=' ' ind2=' ' tag='020'><subfield code='a'>2-7605-2281-4</subfield></datafield><datafield ind1=' ' ind2=' ' tag='020'><subfield code='a'>1-4356-8205-X</subfield></datafield><datafield ind1=' ' ind2=' ' tag='035'><subfield code='a'>(CKB)1000000000576039</subfield></datafield><datafield ind1=' ' ind2=' ' tag='035'><subfield code='a'>(EBL)600092</subfield></datafield><datafield ind1=' ' ind2=' ' tag='035'><subfield code='a'>(OCoLC)682540284</subfield></datafield><datafield ind1=' ' ind2=' ' tag='035'><subfield code='a'>(SSID)ssj0000735517</subfield></datafield><datafield ind1=' ' ind2=' ' tag='035'><subfield code='a'>(PQKBManifestationID)11425747</subfield></datafield><datafield ind1=' ' ind2=' ' tag='035'><subfield code='a'>(PQKBTitleCode)TC0000735517</subfield></datafield><datafield ind1=' ' ind2=' ' tag='035'><subfield code='a'>(PQKBWorkID)10749961</subfield></datafield><datafield ind1=' ' ind2=' ' tag='035'><subfield code='a'>(PQKB)10669997</subfield></datafield><datafield ind1=' ' ind2=' ' tag='035'><subfield code='a'>(CaBNvSL)thg00604076 </subfield></datafield><datafield ind1=' ' ind2=' ' tag='035'><subfield code='a'>(MiAaPQ)EBC3257723</subfield></datafield><datafield ind1=' ' ind2=' ' tag='035'><subfield code='a'>(EXLCZ)991000000000576039</subfield></datafield><datafield ind1=' ' ind2=' ' tag='040'><subfield code='a'>MiAaPQ</subfield><subfield code='c'>MiAaPQ</subfield><subfield code='d'>MiAaPQ</subfield></datafield><datafield ind1=' ' ind2=' ' tag='041'><subfield code='a'>fre</subfield></datafield><datafield ind1=' ' ind2=' ' tag='043'><subfield code='a'>n-cn-qu</subfield></datafield><datafield ind1=' ' ind2='4' tag='050'><subfield code='a'>LE3.Q25</subfield><subfield code='b'>B47 1987</subfield></datafield><datafield ind1='0' ind2='0' tag='082'><subfield code='a'>378.71</subfield></datafield><datafield ind1='1' ind2=' ' tag='100'><subfield code='a'>Bertrand, Denis,</subfield><subfield code='d'>1937-</subfield></datafield><datafield ind1='1' ind2='0' tag='245'><subfield code='a'>Profil organisationnel de l&apos;UQAM</subfield><subfield code='h'>[ressource électronique] :</subfield><subfield code='b'>approche et étude comparée /</subfield><subfield code='c'>Denis Bertrand.</subfield></datafield><datafield ind1=' ' ind2=' ' tag='260'><subfield code='a'>Sillery [Que.] :</subfield><subfield code='b'>Presses de l&apos;Université du Québec,</subfield><subfield code='c'>1987.</subfield></datafield><datafield ind1=' ' ind2=' ' tag='300'><subfield code='a'>1 online resource (144 p.)</subfield></datafield><datafield ind1=' ' ind2=' ' tag='336'><subfield code='a'>text</subfield><subfield code='b'>txt</subfield></datafield><datafield ind1=' ' ind2=' ' tag='337'><subfield code='a'>computer</subfield><subfield code='b'>c</subfield></datafield><datafield ind1=' ' ind2=' ' tag='338'><subfield code='a'>online resource</subfield><subfield code='b'>cr</subfield></datafield><datafield ind1=' ' ind2=' ' tag='500'><subfield code='a'>Description based upon print version of record.</subfield></datafield><datafield ind1='0' ind2=' ' tag='505'><subfield code='a'>PROFIL ORGANISATIONNEL DE L&apos;UQUAM; Table des matières; Liste des figures et tableaux; Préface; Remerciements; Introduction; Chapitre 1_Configuration structurelle des institutions d&apos;enseignement supérieur du Québec; Chapitre 2_Structures organisationnelles de l&apos;UQAM; Chapitre 3_Modes de fonctionnement de l&apos;UQAM; Chapitre 4_Facteurs de contingence et paramètres de conception et évolution de l&apos;UQAM et de l&apos;Université de Montréal; Conclusion; Bibliographie sélective</subfield></datafield><datafield ind1=' ' ind2=' ' tag='520'><subfield code='a'>À partir du cadre théorique de Mintzberg sur les structures des organisations, l&apos;auteur propose d&apos;abord un modèle permettant de décrire et d&apos;expliquer les caractéristiques communes de même que d&apos;établir d&apos;adéquates comparaisons entre les structures organisationnelles des diverses institutions d&apos;enseignement supérieur du Québec.</subfield></datafield><datafield ind1=' ' ind2=' ' tag='546'><subfield code='a'>French</subfield></datafield><datafield ind1=' ' ind2=' ' tag='504'><subfield code='a'>Comprend des réf. bibliogr. (p. [121]-123).</subfield></datafield><datafield ind1=' ' ind2='4' tag='650'><subfield code='a'>Education, Higher - Canada - Evaluation - Congresses.</subfield></datafield><datafield ind1=' ' ind2='4' tag='650'><subfield code='a'>Labor Productivity - Canada - Congresses.</subfield></datafield><datafield ind1=' ' ind2='4' tag='650'><subfield code='a'>Universities and colleges - Canada - Administration - Evaluation - Congresses.</subfield></datafield><datafield ind1=' ' ind2='7' tag='650'><subfield code='a'>Education</subfield><subfield code='2'>HILCC</subfield></datafield><datafield ind1=' ' ind2='7' tag='650'><subfield code='a'>Social Sciences</subfield><subfield code='2'>HILCC</subfield></datafield><datafield ind1=' ' ind2='7' tag='650'><subfield code='a'>Educational Institutions</subfield><subfield code='2'>HILCC</subfield></datafield><datafield ind1=' ' ind2='4' tag='655'><subfield code='a'>Electronic books.</subfield></datafield><datafield ind1='2' ind2='0' tag='610'><subfield code='a'>Université du Québec à Montréal</subfield><subfield code='x'>Administration.</subfield></datafield><datafield ind1='2' ind2='0' tag='610'><subfield code='a'>Université de Montréal</subfield><subfield code='x'>Administration.</subfield></datafield><datafield ind1='2' ind2='6' tag='610'><subfield code='a'>Université du Québec à Montréal</subfield><subfield code='x'>Administration.</subfield></datafield><datafield ind1='2' ind2='6' tag='610'><subfield code='a'>Université de Montréal</subfield><subfield code='x'>Administration.</subfield></datafield><datafield ind1=' ' ind2=' ' tag='776'><subfield code='z'>2-7605-0413-1</subfield></datafield><datafield ind1=' ' ind2='0' tag='830'><subfield code='a'>Canadian electronic library.</subfield><subfield code='p'>Books collection.</subfield></datafield><datafield ind1=' ' ind2=' ' tag='906'><subfield code='a'>BOOK</subfield></datafield><datafield ind1=' ' ind2=' ' tag='ADM'><subfield code='b'>2017-11-25 19:09:19</subfield><subfield code='e'>1000000000576039</subfield><subfield code='d'>PQNKB</subfield><subfield code='f'>20160803134623.0</subfield><subfield code='a'>2012-02-25 21:53:26</subfield><subfield code='c'>false</subfield></datafield><datafield ind1=' ' ind2=' ' tag='PRT'><subfield code='a'>53393725430003811</subfield><subfield code='b'>https://sandbox01-na.alma.exlibrisgroup.com/view/uresolver/01TULI_INST/openurl?u.ignore_date_coverage=true&amp;rft.mms_id=991036815467703811</subfield><subfield code='e'>EBSCOhost</subfield><subfield code='9'>Available</subfield><subfield code='c'>EBSCOhost Academic eBook Collection (North America)</subfield><subfield code='h'>613640000000000029</subfield><subfield code='8'>53393725430003811</subfield></datafield></record>