
<record xmlns='http://www.loc.gov/MARC21/slim'><leader>03965cam a2200505 i 4500</leader><controlfield tag='005'>20180205130221.0</controlfield><controlfield tag='008'>160613s2016    nyua     b    000 0 eng  </controlfield><controlfield tag='001'>991031620059703811</controlfield><datafield ind1=' ' ind2=' ' tag='010'><subfield code='a'>  2016019532</subfield></datafield><datafield ind1=' ' ind2=' ' tag='020'><subfield code='a'>9781433134319</subfield><subfield code='q'>hardcover</subfield><subfield code='q'>alkaline paper</subfield></datafield><datafield ind1=' ' ind2=' ' tag='020'><subfield code='a'>1433134314</subfield><subfield code='q'>hardcover</subfield><subfield code='q'>alkaline paper</subfield></datafield><datafield ind1=' ' ind2=' ' tag='020'><subfield code='a'>9781433134302</subfield><subfield code='q'>paperback</subfield><subfield code='q'>alkaline paper</subfield></datafield><datafield ind1=' ' ind2=' ' tag='020'><subfield code='a'>1433134306</subfield><subfield code='q'>paperback</subfield><subfield code='q'>alkaline paper</subfield></datafield><datafield ind1=' ' ind2=' ' tag='020'><subfield code='z'>9781453918777</subfield><subfield code='q'>electronic book</subfield></datafield><datafield ind1=' ' ind2=' ' tag='035'><subfield code='a'>(OCoLC)953792414</subfield></datafield><datafield ind1=' ' ind2=' ' tag='040'><subfield code='a'>DLC</subfield><subfield code='b'>eng</subfield><subfield code='e'>rda</subfield><subfield code='c'>DLC</subfield><subfield code='d'>OCLCO</subfield><subfield code='d'>OCLCQ</subfield><subfield code='d'>OCLCF</subfield><subfield code='d'>YDX</subfield><subfield code='d'>BTCTA</subfield><subfield code='d'>YDX</subfield><subfield code='d'>OCLCO</subfield><subfield code='d'>OHX</subfield></datafield><datafield ind1=' ' ind2=' ' tag='042'><subfield code='a'>pcc</subfield></datafield><datafield ind1='0' ind2='0' tag='050'><subfield code='a'>LC192.6</subfield><subfield code='b'>.E48 2016</subfield></datafield><datafield ind1='0' ind2='0' tag='082'><subfield code='a'>378.0086/64</subfield><subfield code='2'>23</subfield></datafield><datafield ind1='0' ind2='0' tag='245'><subfield code='a'>Educators queering academia :</subfield><subfield code='b'>critical memoirs /</subfield><subfield code='c'>edited by sj Miller and Nelson M. Rodriguez.</subfield></datafield><datafield ind1=' ' ind2='1' tag='264'><subfield code='a'>New York, NY :</subfield><subfield code='b'>Peter Lang Publishing, Inc.,</subfield><subfield code='c'>[2016]</subfield></datafield><datafield ind1=' ' ind2=' ' tag='300'><subfield code='a'>xxiii, 224 pages ;</subfield><subfield code='c'>23 cm.</subfield></datafield><datafield ind1=' ' ind2=' ' tag='336'><subfield code='a'>text</subfield><subfield code='b'>txt</subfield><subfield code='2'>rdacontent</subfield></datafield><datafield ind1=' ' ind2=' ' tag='337'><subfield code='a'>unmediated</subfield><subfield code='b'>n</subfield><subfield code='2'>rdamedia</subfield></datafield><datafield ind1=' ' ind2=' ' tag='338'><subfield code='a'>volume</subfield><subfield code='b'>nc</subfield><subfield code='2'>rdacarrier</subfield></datafield><datafield ind1='1' ind2=' ' tag='490'><subfield code='a'>Social justice across contexts in education ;</subfield><subfield code='v'>vol. 4</subfield></datafield><datafield ind1=' ' ind2=' ' tag='504'><subfield code='a'>Includes bibliographical references.</subfield></datafield><datafield ind1='0' ind2=' ' tag='505'><subfield code='a'>Introduction : The Critical Praxis of Queer Memoirs in Education : An Introduction / sj Miller and Nelson Rodriguez -- Contingent Labor, Contingently Queer / Adam Greteman -- Queer Paranoia : Worrying about and through a Queer Dissertation Study / Summer Pennell -- Reconciling the Personal and Professional : Coming Out from the Classroom Closet / Ryan Burns and Janet D. Johnson -- Remaining Stubbornly Faithful : What Queering Academia Does to Queer Teacher-Scholars / Sara Staley and Bethy Leonardi -- Inside. Out. Queer Time in Mid-Career / Michael Borgstrom -- How I Met Foucault : An Intellectual Career in, around, and near Queer Theory / Kristen A. Renn -- From Doctoral Student to Dr. Sweetie Darling : My Queer(ing) Journey in Academia / Nelson M. Rodriguez -- Working &quot;With&quot; and &apos;Within&quot; : &quot;Weaving&quot; Queer Spaces with Cycles of Resistance / Jenny Kassen and Alicia Lapointe -- Adopting a Queer Pedagogy as a Teaching Assistant / Stephanie Anne Shelton -- Sanctioning Unsanctioned Texts : The True Story of a Gay Writer / Michael Wenk -- (Un)Becoming Trans : Every Breath You Take and Every / sj Miller -- Queering the Inquiry Body : Critical Science Teaching from the Margins / Kerrita K. Mayfield -- Intersectional Warrior : Battling the Onslaught of Layered Microaggressions in the Academy / Darrell Cleveland Hucks -- Undone and (Mis)Recognized : Disorienting Experiences of a Queer, Trans Educator / Erich N. Pitcher -- Slam Dunk on Tenure? : Not So Fast / Catherine A. Lugg -- Queering South Mississippi : Simple and Seemingly Impossible Work / Kamden Strunk, Douglas Bristol, and William Takewell -- Smear the Queer : A Critical Memoir / Scotty M. Secrist -- &quot;I Heard It from a Good Source&quot; : Queer Desire and Homophobia in a South African Higher Education Institution / Thabo Msibi -- A Profound Moment of Passing / David Lee Carlson -- Being Queer in Academia, Queering Academia / Dana M. Stachowiak -- The Constant in My Life / William F. Pinar.</subfield></datafield><datafield ind1=' ' ind2='0' tag='650'><subfield code='a'>Homosexuality and education.</subfield></datafield><datafield ind1=' ' ind2='0' tag='650'><subfield code='a'>Gays in higher education.</subfield></datafield><datafield ind1=' ' ind2='0' tag='650'><subfield code='a'>Gay college teachers.</subfield></datafield><datafield ind1=' ' ind2='0' tag='650'><subfield code='a'>Gay and lesbian studies.</subfield></datafield><datafield ind1=' ' ind2='7' tag='650'><subfield code='a'>Gay and lesbian studies.</subfield><subfield code='2'>fast</subfield><subfield code='0'>(OCoLC)fst00939054</subfield></datafield><datafield ind1=' ' ind2='7' tag='650'><subfield code='a'>Gay college teachers.</subfield><subfield code='2'>fast</subfield><subfield code='0'>(OCoLC)fst00939074</subfield></datafield><datafield ind1=' ' ind2='7' tag='650'><subfield code='a'>Gays in higher education.</subfield><subfield code='2'>fast</subfield><subfield code='0'>(OCoLC)fst01740800</subfield></datafield><datafield ind1=' ' ind2='7' tag='650'><subfield code='a'>Homosexuality and education.</subfield><subfield code='2'>fast</subfield><subfield code='0'>(OCoLC)fst00959815</subfield></datafield><datafield ind1='1' ind2=' ' tag='700'><subfield code='a'>Miller, sj,</subfield><subfield code='d'>1970-</subfield><subfield code='e'>editor.</subfield></datafield><datafield ind1='1' ind2=' ' tag='700'><subfield code='a'>Rodriguez, Nelson M.,</subfield><subfield code='e'>editor.</subfield></datafield><datafield ind1=' ' ind2='0' tag='830'><subfield code='a'>Social justice across contexts in education ;</subfield><subfield code='v'>v. 4.</subfield></datafield><datafield ind1=' ' ind2=' ' tag='902'><subfield code='a'>170425</subfield></datafield><datafield ind1=' ' ind2=' ' tag='907'><subfield code='a'>.b64484981</subfield><subfield code='b'>p    </subfield><subfield code='c'>-</subfield></datafield><datafield ind1=' ' ind2=' ' tag='979'><subfield code='a'>(OCoLC)953792414</subfield></datafield><datafield ind1=' ' ind2=' ' tag='997'><subfield code='a'>20170707114855.0</subfield><subfield code='c'>COUTTS SR</subfield><subfield code='c'>COUTTS SR</subfield><subfield code='e'>MARCIVE</subfield><subfield code='e'>MARCIVE</subfield><subfield code='e'>WCAT</subfield><subfield code='d'>TEU</subfield></datafield><datafield ind1=' ' ind2=' ' tag='997'><subfield code='a'>20170815125833.0</subfield><subfield code='c'>COUTTS SR</subfield><subfield code='e'>MARCIVE</subfield><subfield code='e'>MARCIVE</subfield><subfield code='e'>WCAT</subfield><subfield code='d'>TEU</subfield></datafield><datafield ind1=' ' ind2=' ' tag='998'><subfield code='b'>0</subfield><subfield code='d'>m</subfield><subfield code='e'>a</subfield><subfield code='f'>-</subfield><subfield code='g'>0</subfield></datafield><datafield ind1=' ' ind2=' ' tag='ADM'><subfield code='b'>2018-02-12 15:28:41</subfield><subfield code='e'>b64484981-01tuli_inst</subfield><subfield code='d'>OCLC</subfield><subfield code='f'>20171120132415.0</subfield><subfield code='a'>2017-06-20 14:13:09</subfield><subfield code='c'>false</subfield></datafield><datafield ind1='0' ind2=' ' tag='HLD'><subfield code='b'>MAIN</subfield><subfield code='c'>stacks</subfield><subfield code='h'>LC192.6</subfield><subfield code='i'>.E48 2016</subfield><subfield code='8'>22397338230003811</subfield></datafield><datafield ind1=' ' ind2=' ' tag='ITM'><subfield code='r'>22397338230003811</subfield><subfield code='b'>0</subfield><subfield code='u'>ILL</subfield><subfield code='h'>0</subfield><subfield code='g'>IN_RS_REQ</subfield><subfield code='t'>BOOK</subfield><subfield code='9'>39074030248355</subfield><subfield code='e'>stacks</subfield><subfield code='l'>0</subfield><subfield code='8'>23397338220003811</subfield><subfield code='j'>0</subfield><subfield code='a'>0</subfield><subfield code='q'>2017-07-18 18:03:29</subfield><subfield code='i'>LC192.6 .E48 2016</subfield><subfield code='d'>MAIN</subfield><subfield code='p'>2018-08-15 03:59:59</subfield><subfield code='f'>RES_SHARE</subfield></datafield></record>