
<record xmlns='http://www.loc.gov/MARC21/slim'><leader>01958cam a22004458a 4500</leader><controlfield tag='005'>20170826032913.0</controlfield><controlfield tag='008'>091002s2011    mau      b    001 0 eng  </controlfield><controlfield tag='001'>991000109669703811</controlfield><datafield ind1=' ' ind2=' ' tag='010'><subfield code='a'>2009038196</subfield></datafield><datafield ind1=' ' ind2=' ' tag='020'><subfield code='a'>9780131199521 (hc)</subfield></datafield><datafield ind1=' ' ind2=' ' tag='020'><subfield code='a'>0131199528</subfield></datafield><datafield ind1=' ' ind2=' ' tag='020'><subfield code='a'>9780132577137</subfield></datafield><datafield ind1=' ' ind2=' ' tag='020'><subfield code='a'>0132577135</subfield></datafield><datafield ind1=' ' ind2=' ' tag='035'><subfield code='a'>(PPT)b41657251-01tuli_inst</subfield></datafield><datafield ind1=' ' ind2=' ' tag='035'><subfield code='a'>(DLC)ocn671780334</subfield><subfield code='9'>ExL</subfield></datafield><datafield ind1=' ' ind2=' ' tag='035'><subfield code='a'>ocn144515007</subfield></datafield><datafield ind1=' ' ind2=' ' tag='035'><subfield code='a'>(OCLC)ocn144515007</subfield></datafield><datafield ind1=' ' ind2=' ' tag='040'><subfield code='a'>DLC</subfield><subfield code='c'>DLC</subfield></datafield><datafield ind1=' ' ind2=' ' tag='079'><subfield code='a'>ocn144515007</subfield></datafield><datafield ind1=' ' ind2=' ' tag='090'><subfield code='a'>TH435</subfield><subfield code='b'>.D18 2011</subfield></datafield><datafield ind1='1' ind2=' ' tag='100'><subfield code='a'>Dagostino, Frank R.</subfield></datafield><datafield ind1='1' ind2='0' tag='245'><subfield code='a'>Estimating in building construction /</subfield><subfield code='c'>Frank R. Dagostino, Steven J. Peterson.</subfield></datafield><datafield ind1=' ' ind2=' ' tag='250'><subfield code='a'>7th ed.</subfield></datafield><datafield ind1=' ' ind2=' ' tag='260'><subfield code='a'>Upper Saddle River, N.J. :</subfield><subfield code='b'>Prentice Hall,</subfield><subfield code='c'>c2011.</subfield></datafield><datafield ind1=' ' ind2=' ' tag='300'><subfield code='a'>xii, 273 p. :</subfield><subfield code='b'>ill. ;</subfield><subfield code='c'>29 cm. +</subfield><subfield code='e'>35 architectural drawings (26 x 39-40 cm., folded to 26 x 20 cm.) + 1 CD-ROM (4 3/4 in.)</subfield></datafield><datafield ind1=' ' ind2=' ' tag='504'><subfield code='a'>Includes bibliographical references and index.</subfield></datafield><datafield ind1='0' ind2=' ' tag='505'><subfield code='a'>Ch.1. Introduction to Estimating -- Ch.2. Contracts, Bonds, and Insurance -- Ch.3. Project Manual -- Ch.4. The Estimate -- Ch.5. Computers in Estimating -- Ch.6. Overhead and Contingencies -- Ch.7. Labor -- Ch.8. Equipment -- Ch.9. Excavation -- Ch.10. Concrete -- Ch.11. Masonry -- Ch.12. Metals -- Ch.13. Wood -- Ch.14. Thermal and Moisture Protection -- Ch.15. Doors and Windows -- Ch.16. Finishes -- Ch.17. Electrical -- Ch.18. Plumbing -- Ch.19. Heating, Ventilating, and Air-Conditioning -- Ch.20. Profit -- Ch.21. Other Estimating Methods.</subfield></datafield><datafield ind1=' ' ind2=' ' tag='504'><subfield code='a'>Includes bibliographical references and index.</subfield></datafield><datafield ind1=' ' ind2='0' tag='650'><subfield code='a'>Building</subfield><subfield code='x'>Estimates.</subfield></datafield><datafield ind1=' ' ind2='0' tag='650'><subfield code='a'>Building</subfield><subfield code='x'>Estimates</subfield><subfield code='x'>Data processing.</subfield></datafield><datafield ind1='1' ind2=' ' tag='700'><subfield code='a'>Peterson, Steven J.</subfield></datafield><datafield ind1=' ' ind2=' ' tag='901'><subfield code='a'>BNA</subfield></datafield><datafield ind1=' ' ind2=' ' tag='901'><subfield code='a'>R5828990</subfield></datafield><datafield ind1=' ' ind2=' ' tag='902'><subfield code='a'>150908</subfield></datafield><datafield ind1=' ' ind2=' ' tag='902'><subfield code='a'>100213AF7001</subfield></datafield><datafield ind1=' ' ind2=' ' tag='907'><subfield code='a'>.b41657251</subfield><subfield code='b'>p    </subfield><subfield code='c'>-</subfield></datafield><datafield ind1=' ' ind2=' ' tag='945'><subfield code='l'>psov3</subfield><subfield code='g'>1</subfield></datafield><datafield ind1=' ' ind2=' ' tag='979'><subfield code='a'>ocn144515007</subfield></datafield><datafield ind1=' ' ind2=' ' tag='998'><subfield code='b'>1</subfield><subfield code='c'>100304</subfield><subfield code='d'>m</subfield><subfield code='e'>a</subfield><subfield code='f'>-</subfield><subfield code='g'>0</subfield></datafield><datafield ind1=' ' ind2=' ' tag='998'><subfield code='b'>1</subfield><subfield code='c'>100304</subfield><subfield code='d'>m</subfield><subfield code='e'>a</subfield><subfield code='f'>-</subfield><subfield code='g'>0</subfield></datafield><datafield ind1=' ' ind2=' ' tag='ADM'><subfield code='b'>2017-08-26 07:29:13</subfield><subfield code='e'>b41657251-01tuli_inst</subfield><subfield code='d'>ILS</subfield><subfield code='a'>2017-06-20 07:46:30</subfield><subfield code='c'>false</subfield></datafield><datafield ind1='0' ind2=' ' tag='HLD'><subfield code='b'>MAIN</subfield><subfield code='c'>psov3</subfield><subfield code='h'>TH435</subfield><subfield code='i'>.D18 2011</subfield><subfield code='8'>22272106230003811</subfield></datafield><datafield ind1=' ' ind2=' ' tag='ITM'><subfield code='r'>22272106230003811</subfield><subfield code='b'>1</subfield><subfield code='h'>0</subfield><subfield code='g'>psov3</subfield><subfield code='t'>BOOK</subfield><subfield code='9'>39074025633082</subfield><subfield code='e'>psov3</subfield><subfield code='8'>23272106200003811</subfield><subfield code='a'>0</subfield><subfield code='q'>2017-06-20 07:46:30</subfield><subfield code='i'>TH435 .D18 2011</subfield><subfield code='d'>MAIN</subfield><subfield code='f'>MAIN</subfield></datafield></record>