
<record xmlns='http://www.loc.gov/MARC21/slim'><leader>01274nam  2200313 a 4500</leader><controlfield tag='001'>991036741468103811</controlfield><controlfield tag='005'>20170815105454.0</controlfield><controlfield tag='006'>m     o  d |      </controlfield><controlfield tag='007'>cr -n---------</controlfield><controlfield tag='008'>070614s2008    paua    ob    001 0 eng  </controlfield><datafield ind1=' ' ind2=' ' tag='010'><subfield code='z'>  2007024431</subfield></datafield><datafield ind1=' ' ind2=' ' tag='020'><subfield code='a'>1-282-31102-6</subfield></datafield><datafield ind1=' ' ind2=' ' tag='020'><subfield code='a'>9786612311024</subfield></datafield><datafield ind1=' ' ind2=' ' tag='020'><subfield code='a'>1-59213-742-3</subfield></datafield><datafield ind1=' ' ind2=' ' tag='035'><subfield code='a'>(CKB)2550000000003060</subfield></datafield><datafield ind1=' ' ind2=' ' tag='035'><subfield code='a'>(EBL)471699</subfield></datafield><datafield ind1=' ' ind2=' ' tag='035'><subfield code='a'>(OCoLC)609850224</subfield></datafield><datafield ind1=' ' ind2=' ' tag='035'><subfield code='a'>(SSID)ssj0000367191</subfield></datafield><datafield ind1=' ' ind2=' ' tag='035'><subfield code='a'>(PQKBManifestationID)11278632</subfield></datafield><datafield ind1=' ' ind2=' ' tag='035'><subfield code='a'>(PQKBTitleCode)TC0000367191</subfield></datafield><datafield ind1=' ' ind2=' ' tag='035'><subfield code='a'>(PQKBWorkID)10419166</subfield></datafield><datafield ind1=' ' ind2=' ' tag='035'><subfield code='a'>(PQKB)11390421</subfield></datafield><datafield ind1=' ' ind2=' ' tag='035'><subfield code='a'>(MiAaPQ)EBC471699</subfield></datafield><datafield ind1=' ' ind2=' ' tag='035'><subfield code='a'>(EXLCZ)992550000000003060</subfield></datafield><datafield ind1=' ' ind2=' ' tag='040'><subfield code='a'>MiAaPQ</subfield><subfield code='c'>MiAaPQ</subfield><subfield code='d'>MiAaPQ</subfield></datafield><datafield ind1=' ' ind2=' ' tag='041'><subfield code='a'>eng</subfield></datafield><datafield ind1=' ' ind2=' ' tag='043'><subfield code='a'>n-us-ny</subfield></datafield><datafield ind1=' ' ind2='4' tag='050'><subfield code='a'>LB2335.845.U52</subfield><subfield code='b'>N53 2008</subfield></datafield><datafield ind1='0' ind2='0' tag='082'><subfield code='a'>331.892813787471</subfield><subfield code='a'>378.747/1</subfield></datafield><datafield ind1='1' ind2=' ' tag='100'><subfield code='a'>Krause, Monika.</subfield></datafield><datafield ind1='0' ind2='4' tag='245'><subfield code='a'>The university against itself</subfield><subfield code='h'>[electronic resource] :</subfield><subfield code='b'>the NYU strike and the future of the academic workplace /</subfield><subfield code='c'>edited by Monika Krause ... [et al.].</subfield></datafield><datafield ind1=' ' ind2=' ' tag='260'><subfield code='a'>Philadelphia :</subfield><subfield code='b'>Temple University Press,</subfield><subfield code='c'>2008.</subfield></datafield><datafield ind1=' ' ind2=' ' tag='300'><subfield code='a'>1 online resource (281 p.)</subfield></datafield><datafield ind1=' ' ind2=' ' tag='336'><subfield code='a'>text</subfield><subfield code='b'>txt</subfield></datafield><datafield ind1=' ' ind2=' ' tag='337'><subfield code='a'>computer</subfield><subfield code='b'>c</subfield></datafield><datafield ind1=' ' ind2=' ' tag='338'><subfield code='a'>online resource</subfield><subfield code='b'>cr</subfield></datafield><datafield ind1='1' ind2=' ' tag='490'><subfield code='a'>Asian American History &amp; Cultu</subfield></datafield><datafield ind1=' ' ind2=' ' tag='500'><subfield code='a'>Description based upon print version of record.</subfield></datafield><datafield ind1='0' ind2=' ' tag='505'><subfield code='a'>Contents; Introduction - Monika Krause, Mary Nolan, Michael Palm, and Andrew Ross; Part I: Corporate University?; New York: Academic Labor Town? - Ashley Dawson and Penny Lewis; Academic Freedom in the Age of Casualization - Ellen Schrecker; A Leadership University for the Twenty-First Century?: Corporate Administration, Contingent Labor, and the Erosion of Faculty Rights - Mary Nolan; Building a Statue of Smoke: Finance Culture and the NYU Trustees - Christopher Newfield and Greg Grandin</subfield></datafield><datafield ind1='8' ind2=' ' tag='505'><subfield code='a'>ICE from the Ashes of FIRE: NYU and the Economy of Culture in New York City - Stephen Duncombe and Sarah NashThe High Cost of Learning: Tuition, Educational Aid, and the New Economics of Prestige in Higher Education - Adam Green; Blue Team, Gray Team: Some Varieties of the Contingent Faculty Experience - Micki McGee; Part II: GSOC Strike; Unions at NYU, 1971-2007; The Administration Strikes Back: Union Busting at NYU - Susan Valentine; Bad News for Academic Labor? Lessons in Media Strategy from the GSOC Strike - Steve Fletcher</subfield></datafield><datafield ind1='8' ind2=' ' tag='505'><subfield code='a'>If Not Now, When?: The GSOC Strike, 2005-2006 - Miabi Chatterji, Maggie Clinton, Natasha Lightfoot, Sherene Seikaly, and Naomi SchillerWhich Side Are We On? NYU&apos;s Full-Time Faculty and the GSOC Strike - Jeff Goodwin; Undergraduate Participation in Campus Labor Coalitions: Lessons from the NYU Strike - Andrew Cornell; Village Hospitality - Matthew Osypowski; Part III: Lessons for the Future; The State of the Academic Labor Movement: A Roundtable with Stanley Aronowitz, Barbara Bowen, and Ed Ott - Kitty Krupat (moderator); Global U - Andrew Ross</subfield></datafield><datafield ind1='8' ind2=' ' tag='505'><subfield code='a'>Activists into Organizers!: How to Work with Your Colleagues and Build Power in Graduate School - Monika Krause and Michael PalmSorely Needed: A Corporate Campaign for the Corporate University - Gordon Lafer; Graduate-Employee Unionization and the Future of Academic Labor - Cary Nelson; Contributors; Index</subfield></datafield><datafield ind1=' ' ind2=' ' tag='520'><subfield code='a'>The essays in this book, written by people involved either involved in the strike (graduate students, faculty, organizers) or who are nationally recognized writers on academic labor, offers lessons on what the GSOC strike says about the current role of the university in public life, and how the pressure for universities to realign themselves along the lines of private corporations has broad implications for the future of higher education.</subfield></datafield><datafield ind1=' ' ind2=' ' tag='546'><subfield code='a'>English</subfield></datafield><datafield ind1=' ' ind2=' ' tag='504'><subfield code='a'>Includes bibliographical references and index.</subfield></datafield><datafield ind1=' ' ind2='0' tag='650'><subfield code='a'>Strikes and lockouts</subfield><subfield code='x'>Graduate teaching assistants</subfield><subfield code='z'>New York (State)</subfield><subfield code='z'>New York.</subfield></datafield><datafield ind1=' ' ind2='4' tag='655'><subfield code='a'>Electronic books.</subfield></datafield><datafield ind1='2' ind2='0' tag='610'><subfield code='a'>New York University</subfield><subfield code='x'>Faculty.</subfield></datafield><datafield ind1=' ' ind2=' ' tag='776'><subfield code='z'>1-59213-740-7</subfield></datafield><datafield ind1=' ' ind2=' ' tag='776'><subfield code='z'>1-59213-741-5</subfield></datafield><datafield ind1='1' ind2=' ' tag='700'><subfield code='a'>Krause, Monika,</subfield><subfield code='d'>1978-</subfield></datafield><datafield ind1=' ' ind2='0' tag='830'><subfield code='a'>Asian American History &amp; Cultu</subfield></datafield><datafield ind1=' ' ind2=' ' tag='906'><subfield code='a'>BOOK</subfield></datafield><datafield ind1=' ' ind2=' ' tag='PRT'><subfield code='a'>53408485990003811</subfield><subfield code='b'>https://sandbox01-na.alma.exlibrisgroup.com/view/uresolver/01TULI_INST/openurl?u.ignore_date_coverage=true&amp;rft.mms_id=991036741468103811</subfield><subfield code='e'>JSTOR</subfield><subfield code='c'>JSTOR Books EBA Pilot</subfield><subfield code='h'>613810000000000259</subfield><subfield code='8'>53408485990003811</subfield></datafield><datafield ind1=' ' ind2=' ' tag='PRT'><subfield code='a'>53422624800003811</subfield><subfield code='b'>https://sandbox01-na.alma.exlibrisgroup.com/view/uresolver/01TULI_INST/openurl?u.ignore_date_coverage=true&amp;rft.mms_id=991036741468103811</subfield><subfield code='e'>Ebook Central</subfield><subfield code='c'>Ebook Central Academic Complete</subfield><subfield code='h'>614200000000000002</subfield><subfield code='8'>53422624800003811</subfield></datafield></record>