
<record xmlns='http://www.loc.gov/MARC21/slim'><leader>03173cam a2200373 a 4500</leader><controlfield tag='005'>20180315213026.0</controlfield><controlfield tag='008'>070614s2008    paua     b    001 0 eng  </controlfield><controlfield tag='001'>991030533709703811</controlfield><datafield ind1=' ' ind2=' ' tag='010'><subfield code='a'>2007024431</subfield></datafield><datafield ind1=' ' ind2=' ' tag='020'><subfield code='a'>9781592137404 (cloth : alk. paper)</subfield></datafield><datafield ind1=' ' ind2=' ' tag='020'><subfield code='a'>1592137407 (cloth : alk. paper)</subfield></datafield><datafield ind1=' ' ind2=' ' tag='020'><subfield code='a'>9781592137411 (pbk. : alk. paper)</subfield></datafield><datafield ind1=' ' ind2=' ' tag='020'><subfield code='a'>1592137415 (pbk. : alk. paper)</subfield></datafield><datafield ind1=' ' ind2=' ' tag='035'><subfield code='a'>(PPT)b35853578-01tuli_inst</subfield></datafield><datafield ind1=' ' ind2=' ' tag='035'><subfield code='a'>(OCoLC)144768859</subfield></datafield><datafield ind1=' ' ind2=' ' tag='040'><subfield code='a'>DLC</subfield><subfield code='c'>DLC</subfield><subfield code='d'>BAKER</subfield><subfield code='d'>BTCTA</subfield><subfield code='d'>YDXCP</subfield><subfield code='d'>C#P</subfield><subfield code='d'>IXA</subfield><subfield code='d'>OCLCG</subfield><subfield code='d'>WEA</subfield><subfield code='d'>OCLCG</subfield><subfield code='d'>TULAW</subfield></datafield><datafield ind1=' ' ind2=' ' tag='043'><subfield code='a'>n-us-ny</subfield></datafield><datafield ind1=' ' ind2=' ' tag='049'><subfield code='a'>TULA</subfield></datafield><datafield ind1=' ' ind2=' ' tag='090'><subfield code='a'>LB2335.845.U52</subfield><subfield code='b'>N53 2008</subfield></datafield><datafield ind1='0' ind2='4' tag='245'><subfield code='a'>The university against itself :</subfield><subfield code='b'>the NYU strike and the future of the academic workplace /</subfield><subfield code='c'>edited by Monika Krause ... [et al.].</subfield></datafield><datafield ind1=' ' ind2=' ' tag='260'><subfield code='a'>Philadelphia :</subfield><subfield code='b'>Temple University Press,</subfield><subfield code='c'>2008.</subfield></datafield><datafield ind1=' ' ind2=' ' tag='300'><subfield code='a'>vi, 272 p. :</subfield><subfield code='b'>ill. ;</subfield><subfield code='c'>24 cm.</subfield></datafield><datafield ind1=' ' ind2=' ' tag='504'><subfield code='a'>Includes bibliographical references and index.</subfield></datafield><datafield ind1='0' ind2='0' tag='505'><subfield code='t'>New York : academic labor town? /</subfield><subfield code='r'>Ashley Dawson and Penny Lewis --</subfield><subfield code='t'>Academic freedom in the age of casualization /</subfield><subfield code='r'>Ellen Schrecker --</subfield><subfield code='t'>Leadership university for the twenty-first century? : corporate administration, contingent labor, and the erosion of faculty rights /</subfield><subfield code='r'>Mary Nolan --</subfield><subfield code='t'>Building a statue of smoke : finance culture and the NYU trustees /</subfield><subfield code='r'>Christopher Newfield and Greg Grandin --</subfield><subfield code='t'>ICE from the ashes of FIRE : NYU and the economy of culture in New York City /</subfield><subfield code='r'>Stephen Duncombe and Sarah Nash --</subfield><subfield code='t'>High cost of learning : tuition, educational aid, and the new economics of prestige in higher education /</subfield><subfield code='r'>Adam Green --</subfield><subfield code='t'>Blue team, gray team : some varieties of the contingent faculty experience /</subfield><subfield code='r'>Micki McGee --</subfield><subfield code='t'>Administration strikes back : union busting at NYU /</subfield><subfield code='r'>Susan Valentine --</subfield><subfield code='t'>Bad news for academic labor? : lessons in media strategy from the GSOC strike /</subfield><subfield code='r'>Steve Fletcher --</subfield><subfield code='t'>If not now, when? : the GSOC strike, 2005-2006 /</subfield><subfield code='r'>Miabi Chatterji ... [et al.] --</subfield><subfield code='t'>Which side are we on? : NYU&apos;s full-time faculty and the GSOC strike /</subfield><subfield code='r'>Jeff Goodwin --</subfield><subfield code='t'>Undergraduate participation in campus labor coalitions : lessons from the NYU strike /</subfield><subfield code='r'>Andrew Cornell --</subfield><subfield code='t'>Village hospitality /</subfield><subfield code='r'>Matthew Osypowski --</subfield><subfield code='t'>State of the academic labor movement : a roundtable with Stanley Aronowitz, Barbara Bowen, and Ed Ott /</subfield><subfield code='r'>Kitty Krupat --</subfield><subfield code='t'>Global U /</subfield><subfield code='r'>Andrew Ross --</subfield><subfield code='t'>Activists into organizers! : how to work with your colleagues and build power in graduate school /</subfield><subfield code='r'>Monika Krause and Michael Palm --</subfield><subfield code='t'>Sorely needed : a corporate campaign for the corporate university /</subfield><subfield code='r'>Gordon Lafer --</subfield><subfield code='t'>Graduate-employee unionization and the future of academic labor /</subfield><subfield code='r'>Cary Nelson.</subfield></datafield><datafield ind1=' ' ind2='0' tag='650'><subfield code='a'>Strikes and lockouts</subfield><subfield code='x'>Graduate teaching assistants</subfield><subfield code='z'>New York (State)</subfield><subfield code='z'>New York.</subfield></datafield><datafield ind1='2' ind2='0' tag='610'><subfield code='a'>New York University</subfield><subfield code='x'>Faculty.</subfield></datafield><datafield ind1='1' ind2=' ' tag='700'><subfield code='a'>Krause, Monika,</subfield><subfield code='d'>1978-</subfield></datafield><datafield ind1='4' ind2='1' tag='856'><subfield code='3'>Table of contents only</subfield><subfield code='u'>http://www.loc.gov/catdir/toc/ecip0720/2007024431.html</subfield></datafield><datafield ind1='4' ind2='2' tag='856'><subfield code='3'>Contributor biographical information</subfield><subfield code='u'>http://www.loc.gov/catdir/enhancements/fy0739/2007024431-b.html</subfield></datafield><datafield ind1=' ' ind2=' ' tag='902'><subfield code='a'>160818</subfield></datafield><datafield ind1=' ' ind2=' ' tag='907'><subfield code='a'>.b35853578</subfield><subfield code='b'>l    </subfield><subfield code='c'>-</subfield></datafield><datafield ind1=' ' ind2=' ' tag='945'><subfield code='l'>lstk </subfield><subfield code='g'>1</subfield></datafield><datafield ind1=' ' ind2=' ' tag='998'><subfield code='b'>1</subfield><subfield code='c'>080922</subfield><subfield code='d'>m</subfield><subfield code='e'>a</subfield><subfield code='f'>-</subfield><subfield code='g'>4</subfield></datafield><datafield ind1=' ' ind2=' ' tag='998'><subfield code='b'>1</subfield><subfield code='c'>080922</subfield><subfield code='d'>m</subfield><subfield code='e'>a</subfield><subfield code='f'>-</subfield><subfield code='g'>4</subfield></datafield><datafield ind1=' ' ind2=' ' tag='ADM'><subfield code='b'>2018-03-16 01:30:26</subfield><subfield code='e'>b35853578-01tuli_inst</subfield><subfield code='d'>ILS</subfield><subfield code='a'>2017-06-20 07:58:46</subfield><subfield code='c'>false</subfield></datafield><datafield ind1='0' ind2=' ' tag='HLD'><subfield code='b'>LAW</subfield><subfield code='c'>closestack</subfield><subfield code='h'>LB2335.845.U52</subfield><subfield code='i'>N53 2008</subfield><subfield code='8'>22275598190003811</subfield></datafield><datafield ind1=' ' ind2=' ' tag='ITM'><subfield code='r'>22275598190003811</subfield><subfield code='b'>1</subfield><subfield code='h'>0</subfield><subfield code='g'>closestack</subfield><subfield code='t'>BOOK</subfield><subfield code='9'>39074804569325</subfield><subfield code='e'>closestack</subfield><subfield code='8'>23275598180003811</subfield><subfield code='a'>0</subfield><subfield code='q'>2017-06-20 07:58:46</subfield><subfield code='i'>LB2335.845.U52 N53 2008</subfield><subfield code='d'>LAW</subfield><subfield code='f'>LAW</subfield></datafield></record>