
<record xmlns='http://www.loc.gov/MARC21/slim'><leader>05286nam  2200577 i 4500</leader><controlfield tag='001'>991036748073803811</controlfield><controlfield tag='005'>20180410232315.0</controlfield><controlfield tag='006'>m     o  d |      </controlfield><controlfield tag='007'>cr#-n---------</controlfield><controlfield tag='008'>150310t20152015enka    ob    001 0 eng d</controlfield><datafield ind1=' ' ind2=' ' tag='020'><subfield code='a'>1-4051-8980-0</subfield></datafield><datafield ind1=' ' ind2=' ' tag='020'><subfield code='a'>1-118-60878-X</subfield></datafield><datafield ind1=' ' ind2=' ' tag='020'><subfield code='a'>1-118-60850-X</subfield></datafield><datafield ind1=' ' ind2=' ' tag='035'><subfield code='a'>(CKB)3710000000354267</subfield></datafield><datafield ind1=' ' ind2=' ' tag='035'><subfield code='a'>(EBL)1895507</subfield></datafield><datafield ind1=' ' ind2=' ' tag='035'><subfield code='a'>(MiAaPQ)EBC1895507</subfield></datafield><datafield ind1=' ' ind2=' ' tag='035'><subfield code='a'>(EXLCZ)993710000000354267</subfield></datafield><datafield ind1=' ' ind2=' ' tag='040'><subfield code='a'>MiAaPQ</subfield><subfield code='b'>eng</subfield><subfield code='e'>rda</subfield><subfield code='e'>pn</subfield><subfield code='c'>MiAaPQ</subfield><subfield code='d'>MiAaPQ</subfield></datafield><datafield ind1=' ' ind2='4' tag='050'><subfield code='a'>GF125</subfield><subfield code='b'>.J66 2015</subfield></datafield><datafield ind1='0' ind2='0' tag='082'><subfield code='a'>307.76</subfield></datafield><datafield ind1='1' ind2=' ' tag='100'><subfield code='a'>Jonas, Andrew E. G.,</subfield><subfield code='d'>1961-</subfield><subfield code='e'>author.</subfield></datafield><datafield ind1='1' ind2='0' tag='245'><subfield code='a'>Urban geography :</subfield><subfield code='b'>a critical introduction /</subfield><subfield code='c'>Andrew E. G. Jonas, Eugene McCann and Mary Thomas.</subfield></datafield><datafield ind1=' ' ind2=' ' tag='246'><subfield code='a'>Critical Introductions to Geography Ser.</subfield></datafield><datafield ind1=' ' ind2=' ' tag='246'><subfield code='a'>Critical Introductions to Geography</subfield></datafield><datafield ind1=' ' ind2=' ' tag='246'><subfield code='a'>Urban Geography</subfield></datafield><datafield ind1=' ' ind2='1' tag='264'><subfield code='a'>Chichester, West Sussex :</subfield><subfield code='b'>John Wiley &amp; Sons,</subfield><subfield code='c'>2015.</subfield></datafield><datafield ind1=' ' ind2='4' tag='264'><subfield code='c'>©2015</subfield></datafield><datafield ind1=' ' ind2=' ' tag='300'><subfield code='a'>1 online resource (380 p.)</subfield></datafield><datafield ind1=' ' ind2=' ' tag='336'><subfield code='a'>text</subfield><subfield code='2'>rdacontent</subfield></datafield><datafield ind1=' ' ind2=' ' tag='337'><subfield code='a'>computer</subfield><subfield code='2'>rdamedia</subfield></datafield><datafield ind1=' ' ind2=' ' tag='338'><subfield code='a'>online resource</subfield><subfield code='2'>rdacarrier</subfield></datafield><datafield ind1='1' ind2=' ' tag='490'><subfield code='a'>Critical Introductions to Geography</subfield></datafield><datafield ind1=' ' ind2=' ' tag='500'><subfield code='a'>Description based upon print version of record.</subfield></datafield><datafield ind1='0' ind2=' ' tag='505'><subfield code='a'>Title Page; Copyright Page; Contents; List of Figures; List of Tables; List of Boxes; Acknowledgments; Preface; Chapter 1 Approaching the City; 1.1 Introduction; Bright lights, big city; Academic approaches; 1.2 Being Geographical, Being Urbanist; Defining &quot;the urban&quot; as an object of study; 1.3 Approaching Cities as Processes: Urbanization and Development, Urbanism, and Planning; Urbanization and development; Urbanism; Planning; Summary; 1.4 Urban Geography: Foundational Approaches; Before there was Urban Geography: The Chicago School</subfield></datafield><datafield ind1='8' ind2=' ' tag='505'><subfield code='a'>Urban geography, from the Chicago School to the quantitative revolution1.5 Conclusion: Building on our Foundations; 1.6 Further Reading; Chapter 2 Cities for Whom? The Contours and Commitments of Critical Urban Geography; 2.1 Introduction; 2.2 Developing Critical Urban Theories and Concepts; Gentrification and the &quot;rent gap&quot; as critical concepts; Being critical by combining the abstract and the concrete; 2.3 Social Relevance and Public Action; Public urban geographies and the right to the city; Occupying urban space and urban political discourse; 2.4 Ordinary Urbanism in a World of Cities</subfield></datafield><datafield ind1='8' ind2=' ' tag='505'><subfield code='a'>Critical geographies beyond the academyCritical geographies beyond the global North: Ordinariness, difference,and decentering urban theory; 2.5 Positively Different, Positively Critical; 2.6 Further Reading; Chapter 3 Production, Economy, and the City; 3.1 Introduction; 3.2 Urbanization and the Regional Dynamics of the Production System; Accumulation, urbanization, and capitalist development; Urban development under mass production; 3.3 Patterns and Processes of Urban and Regional Development after Fordism; 3.4 Globalization as regional urbanization</subfield></datafield><datafield ind1='8' ind2=' ' tag='505'><subfield code='a'>Uneven regional development in the United KingdomRacism and uneven urban development: the case of redlining; 3.5 Gentrification: The Economic Revival of the Inner City?; 3.6 Summary and Conclusions; 3.7 Further Reading; Chapter 4 A World of Cities; 4.1 Introduction; 4.2 There is Nothing New About Global Cities; 4.3 Cities in the Contemporary World: The Global Cities Literature; Economic command, control, and connection, post-1970; Specifying &quot;globalness&quot;: Advanced producer services and the command and control of the global economy; Measuring and mapping command, control, and connections</subfield></datafield><datafield ind1='8' ind2=' ' tag='505'><subfield code='a'>4.4 Beyond a &quot;Citadel Geography&quot;: The Critique of the Dominant Global Cities Approach4.5 Toward Critical Geographies of Ordinary Urbanism: Researching a World of Cities; Ordinary urbanism on the move; 4.6 Conclusion; 4.7 Further Reading; Chapter 5 Labor and the City; 5.1 Introduction; 5.2 Why your Labor Matters: Making a Living in the City; 5.3 The Control and Segmentation of Labor in the Industrial City; The control and segregation of labor in the new international division of labor; 5.4 The Urban Labor Market: Dynamic Dependencies Between Employers and Workers</subfield></datafield><datafield ind1='8' ind2=' ' tag='505'><subfield code='a'>5.5 Welfare-to-Work and the Rise of Contingent Labor in the City</subfield></datafield><datafield ind1=' ' ind2=' ' tag='520'><subfield code='a'>Urban Geography a comprehensive introduction to a variety of issues relating to contemporary urban geography, including patterns and processes of urbanization, urban development, urban planning, and life experiences in modern cities.Reveals both the diversity of ordinary urban geographies and the networks, flows and relations which increasingly connect cities and urban spaces at the global scaleUses the city as a lens for proposing and developing critical concepts which show how wider social processes, relations, and power structures are changingConsiders the experiences, lives, practices, str</subfield></datafield><datafield ind1=' ' ind2=' ' tag='504'><subfield code='a'>Includes bibliographical references and index.</subfield></datafield><datafield ind1=' ' ind2=' ' tag='588'><subfield code='a'>Description based on print version record.</subfield></datafield><datafield ind1=' ' ind2='0' tag='650'><subfield code='a'>Urban geography.</subfield></datafield><datafield ind1=' ' ind2='0' tag='650'><subfield code='a'>Human geography.</subfield></datafield><datafield ind1=' ' ind2='4' tag='655'><subfield code='a'>Electronic books.</subfield></datafield><datafield ind1='1' ind2=' ' tag='700'><subfield code='a'>McCann, Eugene,</subfield><subfield code='e'>author.</subfield></datafield><datafield ind1='1' ind2=' ' tag='700'><subfield code='a'>Thomas, Mary E.</subfield><subfield code='q'>(Mary Elizabeth),</subfield><subfield code='d'>1970-</subfield><subfield code='e'>author.</subfield></datafield><datafield ind1=' ' ind2=' ' tag='776'><subfield code='z'>1-322-94962-X</subfield></datafield><datafield ind1=' ' ind2=' ' tag='776'><subfield code='z'>1-4051-8979-7</subfield></datafield><datafield ind1=' ' ind2='0' tag='830'><subfield code='a'>Critical Introductions to Geography</subfield></datafield><datafield ind1=' ' ind2=' ' tag='906'><subfield code='a'>BOOK</subfield></datafield><datafield ind1='0' ind2='0' tag='991'><subfield code='d'>geo</subfield></datafield><datafield ind1=' ' ind2=' ' tag='PRT'><subfield code='a'>53420856590003811</subfield><subfield code='b'>https://sandbox01-na.alma.exlibrisgroup.com/view/uresolver/01TULI_INST/openurl?u.ignore_date_coverage=true&amp;rft.mms_id=991036748073803811</subfield><subfield code='e'>Ebook Central</subfield><subfield code='c'>Ebook Central Academic Complete</subfield><subfield code='h'>614200000000000002</subfield><subfield code='8'>53420856590003811</subfield></datafield></record>