
<record xmlns='http://www.loc.gov/MARC21/slim'><leader>03675pam a22005414a 4500</leader><controlfield tag='005'>20180315212626.0</controlfield><controlfield tag='008'>071129s2008    nyuab    b    101 0 eng c</controlfield><controlfield tag='001'>991029695249703811</controlfield><datafield ind1=' ' ind2=' ' tag='010'><subfield code='a'>2007049023</subfield></datafield><datafield ind1=' ' ind2=' ' tag='020'><subfield code='a'>9780801446627 (cloth : alk. paper)</subfield></datafield><datafield ind1=' ' ind2=' ' tag='020'><subfield code='a'>0801446627 (cloth : alk. paper)</subfield></datafield><datafield ind1=' ' ind2=' ' tag='020'><subfield code='a'>9780801474330 (pbk. : alk. paper)</subfield></datafield><datafield ind1=' ' ind2=' ' tag='020'><subfield code='a'>0801474337 (pbk. : alk. paper)</subfield></datafield><datafield ind1=' ' ind2=' ' tag='035'><subfield code='a'>(PPT)b35069338-01tuli_inst</subfield></datafield><datafield ind1=' ' ind2=' ' tag='035'><subfield code='a'>(OCoLC)ocn492409182</subfield><subfield code='9'>ExL</subfield></datafield><datafield ind1=' ' ind2=' ' tag='035'><subfield code='a'>(OCoLC)181602168</subfield></datafield><datafield ind1=' ' ind2=' ' tag='035'><subfield code='a'>ocn181602168</subfield></datafield><datafield ind1=' ' ind2=' ' tag='035'><subfield code='a'>(OCLC)ocn181602168</subfield></datafield><datafield ind1=' ' ind2=' ' tag='040'><subfield code='a'>NIC/DLC</subfield><subfield code='c'>DLC</subfield><subfield code='d'>BTCTA</subfield><subfield code='d'>BAKER</subfield><subfield code='d'>YDXCP</subfield><subfield code='d'>UKM</subfield><subfield code='d'>C#P</subfield></datafield><datafield ind1=' ' ind2=' ' tag='042'><subfield code='a'>pcc</subfield></datafield><datafield ind1=' ' ind2=' ' tag='043'><subfield code='a'>as-----</subfield></datafield><datafield ind1=' ' ind2=' ' tag='079'><subfield code='a'>ocn181602168</subfield></datafield><datafield ind1=' ' ind2=' ' tag='090'><subfield code='a'>HF1040.9.A785</subfield><subfield code='b'>T35 2008</subfield></datafield><datafield ind1='0' ind2='0' tag='245'><subfield code='a'>Taking Southeast Asia to market :</subfield><subfield code='b'>commodities, nature, and people in the neoliberal age /</subfield><subfield code='c'>edited by Joseph Nevins and Nancy Lee Peluso.</subfield></datafield><datafield ind1=' ' ind2=' ' tag='260'><subfield code='a'>Ithaca :</subfield><subfield code='b'>Cornell University Press,</subfield><subfield code='c'>2008.</subfield></datafield><datafield ind1=' ' ind2=' ' tag='300'><subfield code='a'>xiii, 280 p. :</subfield><subfield code='b'>ill., maps ;</subfield><subfield code='c'>24 cm.</subfield></datafield><datafield ind1='0' ind2=' ' tag='490'><subfield code='a'>Cornell paperbacks.</subfield></datafield><datafield ind1=' ' ind2=' ' tag='500'><subfield code='a'>Papers originally presented at a conference held in 2005 at the Center for Southeast Asia Studies, University of California, Berkeley.</subfield></datafield><datafield ind1=' ' ind2=' ' tag='504'><subfield code='a'>Includes bibliographical references (p. 241-268) and index.</subfield></datafield><datafield ind1='0' ind2=' ' tag='505'><subfield code='a'>Introduction : commoditization in Southeast Asia / Joseph Nevins and Nancy Lee Peluso -- Contingent commodities : mobilizing labor in and beyond Southeast Asian forests / Anna Tsing -- What&apos;s new with the old? : scalar dialectics and the reorganization of Indonesia&apos;s timber industry / Paul K. Gellert -- Contesting &quot;flexibility&quot; : networks of place, gender, and class in Vietnamese workers&apos; resistance / Angie Ngọc Tr̂àn -- Worshipping work : producing commodity producers in contemporary Indonesia / Daromir Rudnyckyj -- China and the production of forestlands in Lao PDR : a political ecology of transnational enclosure / Keith Barney -- Water power : machines, modernizers, and meta-commoditization on the Mekong River / David Biggs -- Contested commodifications : struggles over nature in a national park / Tania Murray Li -- Sovereignty in Burma after the entrepreneurial turn : mosaics of control, commodified spaces, and regulated violence in contemporary Burma / Ken MacLean -- Old markets, new commodities : aquarian capitalism in Indonesia / Dorian Fougères -- Production of people and nature, rice, and coffee : the Semendo people in South Sumatra and Lampung / Lesley Potter -- The message is the market : selling biotechnology and nation in Malaysia / Sandra Smeltzer -- New concepts, new natures? : revisiting commodity production in Southern Thailand / Peter Vandergeest -- Concluding comparisons : products and processes of commoditization in Southeast Asia / Joseph Nevins and Nancy Lee Peluso.</subfield></datafield><datafield ind1=' ' ind2='0' tag='650'><subfield code='a'>Commercial products</subfield><subfield code='x'>Social aspects</subfield><subfield code='z'>Southeast Asia</subfield><subfield code='v'>Congresses.</subfield></datafield><datafield ind1=' ' ind2='0' tag='650'><subfield code='a'>Natural resources</subfield><subfield code='z'>Southeast Asia</subfield><subfield code='x'>Management</subfield><subfield code='v'>Congresses.</subfield></datafield><datafield ind1=' ' ind2='0' tag='650'><subfield code='a'>Neoliberalism</subfield><subfield code='z'>Southeast Asia</subfield><subfield code='v'>Congresses.</subfield></datafield><datafield ind1=' ' ind2='0' tag='651'><subfield code='a'>Southeast Asia</subfield><subfield code='x'>Commerce</subfield><subfield code='x'>Social aspects</subfield><subfield code='v'>Congresses.</subfield></datafield><datafield ind1=' ' ind2='0' tag='651'><subfield code='a'>Southeast Asia</subfield><subfield code='x'>Commercial policy</subfield><subfield code='v'>Congresses.</subfield></datafield><datafield ind1=' ' ind2='0' tag='650'><subfield code='a'>Human ecology</subfield><subfield code='z'>Southeast Asia</subfield><subfield code='v'>Congresses.</subfield></datafield><datafield ind1=' ' ind2='0' tag='650'><subfield code='a'>Globalization</subfield><subfield code='x'>Environmental aspects</subfield><subfield code='z'>Southeast Asia</subfield><subfield code='v'>Congresses.</subfield></datafield><datafield ind1='1' ind2=' ' tag='700'><subfield code='a'>Nevins, Joseph.</subfield></datafield><datafield ind1='1' ind2=' ' tag='700'><subfield code='a'>Peluso, Nancy Lee.</subfield></datafield><datafield ind1='2' ind2=' ' tag='710'><subfield code='a'>University of California, Berkeley.</subfield><subfield code='b'>Center for Southeast Asia Studies.</subfield></datafield><datafield ind1=' ' ind2=' ' tag='901'><subfield code='a'>BNA</subfield></datafield><datafield ind1=' ' ind2=' ' tag='901'><subfield code='a'>R0711373</subfield></datafield><datafield ind1=' ' ind2=' ' tag='902'><subfield code='a'>080521AB0701</subfield></datafield><datafield ind1=' ' ind2=' ' tag='907'><subfield code='a'>.b35069338</subfield><subfield code='b'>p    </subfield><subfield code='c'>-</subfield></datafield><datafield ind1=' ' ind2=' ' tag='945'><subfield code='l'>pstk </subfield><subfield code='g'>1</subfield></datafield><datafield ind1=' ' ind2=' ' tag='979'><subfield code='a'>ocn181602168</subfield></datafield><datafield ind1=' ' ind2=' ' tag='998'><subfield code='b'>0</subfield><subfield code='c'>080606</subfield><subfield code='d'>m</subfield><subfield code='e'>a</subfield><subfield code='f'>-</subfield><subfield code='g'>0</subfield></datafield><datafield ind1=' ' ind2=' ' tag='998'><subfield code='b'>0</subfield><subfield code='c'>080606</subfield><subfield code='d'>m</subfield><subfield code='e'>a</subfield><subfield code='f'>-</subfield><subfield code='g'>0</subfield></datafield><datafield ind1=' ' ind2=' ' tag='ADM'><subfield code='b'>2018-03-16 01:26:26</subfield><subfield code='e'>b35069338-01tuli_inst</subfield><subfield code='d'>ILS</subfield><subfield code='a'>2017-06-20 10:09:19</subfield><subfield code='c'>false</subfield></datafield><datafield ind1='0' ind2=' ' tag='HLD'><subfield code='b'>MAIN</subfield><subfield code='c'>stacks</subfield><subfield code='h'>HF1040.9.A785</subfield><subfield code='i'>T35 2008</subfield><subfield code='8'>22300362160003811</subfield></datafield><datafield ind1=' ' ind2=' ' tag='ITM'><subfield code='r'>22300362160003811</subfield><subfield code='b'>1</subfield><subfield code='h'>0</subfield><subfield code='g'>stacks</subfield><subfield code='t'>BOOK</subfield><subfield code='9'>39074023814585</subfield><subfield code='e'>stacks</subfield><subfield code='8'>23300362150003811</subfield><subfield code='a'>0</subfield><subfield code='q'>2017-06-20 10:09:19</subfield><subfield code='i'>HF1040.9.A785 T35 2008</subfield><subfield code='d'>MAIN</subfield><subfield code='f'>MAIN</subfield></datafield></record>