
<record xmlns='http://www.loc.gov/MARC21/slim'><leader>01101nam  2200313 a 4500</leader><controlfield tag='001'>991036745342603811</controlfield><controlfield tag='005'>20170815170755.0</controlfield><controlfield tag='006'>m     o  d |      </controlfield><controlfield tag='007'>cr -n---------</controlfield><controlfield tag='008'>040401s2005    cau     ob    000 0 eng d</controlfield><datafield ind1=' ' ind2=' ' tag='010'><subfield code='z'>  2004007727</subfield></datafield><datafield ind1=' ' ind2=' ' tag='020'><subfield code='a'>1-282-35793-X</subfield></datafield><datafield ind1=' ' ind2=' ' tag='020'><subfield code='a'>9786612357930</subfield></datafield><datafield ind1=' ' ind2=' ' tag='020'><subfield code='a'>0-520-93825-9</subfield></datafield><datafield ind1=' ' ind2=' ' tag='035'><subfield code='a'>(CKB)2430000000010914</subfield></datafield><datafield ind1=' ' ind2=' ' tag='035'><subfield code='a'>(EBL)837216</subfield></datafield><datafield ind1=' ' ind2=' ' tag='035'><subfield code='a'>(OCoLC)773564939</subfield></datafield><datafield ind1=' ' ind2=' ' tag='035'><subfield code='a'>(SSID)ssj0000313030</subfield></datafield><datafield ind1=' ' ind2=' ' tag='035'><subfield code='a'>(PQKBManifestationID)11254620</subfield></datafield><datafield ind1=' ' ind2=' ' tag='035'><subfield code='a'>(PQKBTitleCode)TC0000313030</subfield></datafield><datafield ind1=' ' ind2=' ' tag='035'><subfield code='a'>(PQKBWorkID)10352478</subfield></datafield><datafield ind1=' ' ind2=' ' tag='035'><subfield code='a'>(PQKB)11620060</subfield></datafield><datafield ind1=' ' ind2=' ' tag='035'><subfield code='a'>(MiAaPQ)EBC837216</subfield></datafield><datafield ind1=' ' ind2=' ' tag='035'><subfield code='a'>(EXLCZ)992430000000010914</subfield></datafield><datafield ind1=' ' ind2=' ' tag='040'><subfield code='a'>MiAaPQ</subfield><subfield code='c'>MiAaPQ</subfield><subfield code='d'>MiAaPQ</subfield></datafield><datafield ind1=' ' ind2=' ' tag='041'><subfield code='a'>eng</subfield></datafield><datafield ind1=' ' ind2='4' tag='050'><subfield code='a'>PS3607.R525</subfield><subfield code='b'>W43 2005</subfield></datafield><datafield ind1='0' ind2='0' tag='082'><subfield code='a'>811.6</subfield><subfield code='a'>811/.6</subfield></datafield><datafield ind1='1' ind2=' ' tag='100'><subfield code='a'>Gridley, Sarah,</subfield><subfield code='d'>1968-</subfield></datafield><datafield ind1='1' ind2='0' tag='245'><subfield code='a'>Weather eye open</subfield><subfield code='h'>[electronic resource] :</subfield><subfield code='b'>poems /</subfield><subfield code='c'>Sarah Gridley.</subfield></datafield><datafield ind1=' ' ind2=' ' tag='260'><subfield code='a'>Berkeley :</subfield><subfield code='b'>University of California Press,</subfield><subfield code='c'>2005.</subfield></datafield><datafield ind1=' ' ind2=' ' tag='300'><subfield code='a'>1 online resource (118 p.)</subfield></datafield><datafield ind1=' ' ind2=' ' tag='336'><subfield code='a'>text</subfield><subfield code='b'>txt</subfield></datafield><datafield ind1=' ' ind2=' ' tag='337'><subfield code='a'>computer</subfield><subfield code='b'>c</subfield></datafield><datafield ind1=' ' ind2=' ' tag='338'><subfield code='a'>online resource</subfield><subfield code='b'>cr</subfield></datafield><datafield ind1='1' ind2=' ' tag='490'><subfield code='a'>New California poetry ;</subfield><subfield code='v'>v 13</subfield></datafield><datafield ind1=' ' ind2=' ' tag='500'><subfield code='a'>Description based upon print version of record.</subfield></datafield><datafield ind1='0' ind2=' ' tag='505'><subfield code='a'>Contents; Acknowledgments; Cuckoo&apos;s Report; Cloak; The Vernal Landscapes; Capsized; Wanting the Ten-Fingered Grasp of Things; The Body Is Placed, but the Spirit Is Emigrant; Rus in Urbe; Genealogy; Sortilege; Prodigal Song; The Craft Must Be Lighter-Than-Air; What Adjective; The Eve Of; You Have Given Me Such a Delicious Dish; Nocturne; Weather Eye Open; You Are Looking for Wings on a Wolf; Likeness Is the Mother of Love; Gimcrack Scenery; The Minors; Jurisdiction; Instructions for the Little Painter; Grist; Impasto; Approach in Removable Galleries; Saturation, a Dwelling Place; Miller&apos;s Ruth</subfield></datafield><datafield ind1='8' ind2=' ' tag='505'><subfield code='a'>Sweet Outline Lost in AtmosphereNoises in Annunciation; Locus Amenus; Gentle Gnomonics; Wild Clary; Slipping Jurisdiction; Suppressed O: Additional Turns in Outdoor Pragmatism; Terrestrial; There Is No Answer to What They Think; Codlings; Etude; Death and the Maiden; Chatterton; Dialogue of Comfort; Long Division; A Fine Cage Won&apos;t Feed the Bird; Between Sail and Tiller; Industrial Magdalene; Swayamvara; Jupiter; Psyche Speaks of Eros; What Is Lost in the Fire Must Be Sought in the Ashes; Notes; Acknowledgments of Permissions</subfield></datafield><datafield ind1=' ' ind2=' ' tag='520'><subfield code='a'>The windmill&apos;s labor is contingent upon the weather, upon what air masses, at any given time, overlie its landscape. Anticipatory in mood, Weather Eye Open adopts the emblem of the windmill, seeking what Merleau-Ponty calls the &quot;&quot;inspiration and expiration of Being.&quot;&quot; The windmill serves as analogue to the perceiving subject, to the poet, whose consciousness, though rooted and partial, is yet always receptive to being energized, turned. Like open sails, the perceiver ushers the weather indoors, converting one motion, the wind, to another, the grinding burrstones. The poems in this colle</subfield></datafield><datafield ind1=' ' ind2=' ' tag='546'><subfield code='a'>English</subfield></datafield><datafield ind1=' ' ind2=' ' tag='504'><subfield code='a'>Includes bibliographical references.</subfield></datafield><datafield ind1=' ' ind2='0' tag='650'><subfield code='a'>American poetry</subfield><subfield code='y'>21st century.</subfield></datafield><datafield ind1=' ' ind2='4' tag='655'><subfield code='a'>Electronic books.</subfield></datafield><datafield ind1=' ' ind2=' ' tag='776'><subfield code='z'>0-520-24293-9</subfield></datafield><datafield ind1=' ' ind2=' ' tag='776'><subfield code='z'>0-520-24289-0</subfield></datafield><datafield ind1=' ' ind2='0' tag='830'><subfield code='a'>New California Poetry</subfield></datafield><datafield ind1=' ' ind2=' ' tag='906'><subfield code='a'>BOOK</subfield></datafield><datafield ind1=' ' ind2=' ' tag='PRT'><subfield code='a'>53391943770003811</subfield><subfield code='b'>https://sandbox01-na.alma.exlibrisgroup.com/view/uresolver/01TULI_INST/openurl?u.ignore_date_coverage=true&amp;rft.mms_id=991036745342603811</subfield><subfield code='e'>EBSCOhost</subfield><subfield code='c'>EBSCOhost Academic eBook Collection (North America)</subfield><subfield code='h'>613640000000000029</subfield><subfield code='8'>53391943770003811</subfield></datafield><datafield ind1=' ' ind2=' ' tag='PRT'><subfield code='a'>53422064470003811</subfield><subfield code='b'>https://sandbox01-na.alma.exlibrisgroup.com/view/uresolver/01TULI_INST/openurl?u.ignore_date_coverage=true&amp;rft.mms_id=991036745342603811</subfield><subfield code='e'>Ebook Central</subfield><subfield code='c'>Ebook Central Academic Complete</subfield><subfield code='h'>614200000000000002</subfield><subfield code='8'>53422064470003811</subfield></datafield></record>