
<record xmlns='http://www.loc.gov/MARC21/slim'><leader>00898nam  2200253Ia 4500</leader><controlfield tag='001'>991036855461003811</controlfield><controlfield tag='005'>20170817212454.0</controlfield><controlfield tag='006'>m     o  d |      </controlfield><controlfield tag='007'>cr -n---------</controlfield><controlfield tag='008'>020129s2013    dcu     o    i000 0 eng d</controlfield><datafield ind1=' ' ind2=' ' tag='020'><subfield code='a'>1-55775-390-3</subfield></datafield><datafield ind1=' ' ind2=' ' tag='020'><subfield code='a'>1-4755-4425-1</subfield></datafield><datafield ind1=' ' ind2=' ' tag='020'><subfield code='a'>1-299-26482-4</subfield></datafield><datafield ind1=' ' ind2=' ' tag='020'><subfield code='a'>1-4755-4095-7</subfield></datafield><datafield ind1=' ' ind2=' ' tag='035'><subfield code='a'>(CKB)2560000000098851</subfield></datafield><datafield ind1=' ' ind2=' ' tag='035'><subfield code='a'>(EBL)1607169</subfield></datafield><datafield ind1=' ' ind2=' ' tag='035'><subfield code='a'>(SSID)ssj0001076199</subfield></datafield><datafield ind1=' ' ind2=' ' tag='035'><subfield code='a'>(PQKBManifestationID)11605666</subfield></datafield><datafield ind1=' ' ind2=' ' tag='035'><subfield code='a'>(PQKBTitleCode)TC0001076199</subfield></datafield><datafield ind1=' ' ind2=' ' tag='035'><subfield code='a'>(PQKBWorkID)11032120</subfield></datafield><datafield ind1=' ' ind2=' ' tag='035'><subfield code='a'>(PQKB)10252419</subfield></datafield><datafield ind1=' ' ind2=' ' tag='035'><subfield code='a'>(MiAaPQ)EBC1607169</subfield></datafield><datafield ind1=' ' ind2=' ' tag='035'><subfield code='a'>(EXLCZ)992560000000098851</subfield></datafield><datafield ind1=' ' ind2=' ' tag='040'><subfield code='a'>MiAaPQ</subfield><subfield code='c'>MiAaPQ</subfield><subfield code='d'>MiAaPQ</subfield></datafield><datafield ind1=' ' ind2=' ' tag='041'><subfield code='a'>eng</subfield></datafield><datafield ind1=' ' ind2='4' tag='050'><subfield code='a'>HC355</subfield><subfield code='b'>D46 2013</subfield></datafield><datafield ind1='1' ind2=' ' tag='100'><subfield code='a'>European Dept., International Monetary Fund.</subfield></datafield><datafield ind1='0' ind2='0' tag='245'><subfield code='a'>Denmark</subfield><subfield code='h'>[electronic resource] :</subfield><subfield code='b'>selected issues paper.</subfield></datafield><datafield ind1=' ' ind2=' ' tag='260'><subfield code='a'>Washington, D.C. :</subfield><subfield code='b'>International Monetary Fund,</subfield><subfield code='c'>2013.</subfield></datafield><datafield ind1=' ' ind2=' ' tag='300'><subfield code='a'>1 online resource (54 p.)</subfield></datafield><datafield ind1=' ' ind2=' ' tag='336'><subfield code='a'>text</subfield><subfield code='b'>txt</subfield></datafield><datafield ind1=' ' ind2=' ' tag='337'><subfield code='a'>computer</subfield><subfield code='b'>c</subfield></datafield><datafield ind1=' ' ind2=' ' tag='338'><subfield code='a'>online resource</subfield><subfield code='b'>cr</subfield></datafield><datafield ind1='0' ind2=' ' tag='490'><subfield code='a'>Country Report No. 13/23</subfield></datafield><datafield ind1=' ' ind2=' ' tag='500'><subfield code='a'>Description based upon print version of record.</subfield></datafield><datafield ind1='0' ind2=' ' tag='505'><subfield code='a'>Cover; CONTENTS; COMPOSITION OF PUBLIC EXPENDITURE; A. Introduction; B. Public Expenditure in Denmark; C. Public Expenditures Compared; FIGURES; 1.1. Size and Composition of Public Expenditure; D. Social Outcomes; 1.2. Public and Private Spending in Key Functional Areas; 1.3.Comparison of Social Outcomes to Spending; E. Recent Policy Changes; F. Concluding Remarks; SAFE-HAVEN FLOWS INTO DENMARK: BLESSING OR CURSE; A. Introduction; B. Uneven Tide; C. What Challenges Do Large Capital Inflows Pose to Denmark?; D. Monetary and Macro Prudential Policy Issues; BOXES</subfield></datafield><datafield ind1='8' ind2=' ' tag='505'><subfield code='a'>2.1. Implementing negative policy rates through an Expanded Tiering System2.1. Capital Flows; 2.2. Safe-Haven Policies; DENMARK&apos;S EXTERNAL COMPETITIVENESS AND PRICE LEVEL; A. Export Performance and Labor Productivity; 3.1. Export Market Share, 1991-2011; 3.2. External Competitiveness, 1997-2012; B. What Explains Cross-Country Price Differentials?; 3.3. Selected EU Countries-Price Index of Household Final Consumption Expenditure, end 2011; 3.4. Denmark and Germany: Comparison of Labor and Product Market Constraints, 2008; C. What Can Denmark Do to Improve Competitiveness?</subfield></datafield><datafield ind1='8' ind2=' ' tag='505'><subfield code='a'>3.5. Labor Productivity and Unit Labor Cost, 1990-2011TABLES; 3.1. EU-27: Price Equation, 2000-12, Fixed Effects Model; References; FINANCIAL STABILITY IN AN EVOLVING REGULATORY AND SUPERVISORY LANDSCAPE; A. Introduction; B. Financial Soundness of Commercial Banks; C. Financial Soundness of Mortgage Banks; D. Some Common Issues for Both Commercial and Mortgage Banks; E. Financial Policy Initiatives of Denmark; F. Policy Implications; 4.1. Danish Banks: Peer Comparison; 4.2. Bank Earnings and Lending; 4.1. Foreign Claims of Banks on Individual Countries, March 2012</subfield></datafield><datafield ind1='8' ind2=' ' tag='505'><subfield code='a'>ASSESSING GOVERNMENT CONTINGENT LIABILITIES FROM THE FINANCIAL SECTOR IN DENMARKA. Introduction; B. Recent Government Support to the Financial Sector; C. Assessing the Market Value of Government Guarantees for Systemic Banks; D. Estimating Expected Losses; E. The Impact of Banking Sector Contingent Liabilities on Debt Sustainability; F. Policy Implications; 5.1. Impact of Banking Sector Contingent Liabilities on Public Debt Sustainability; References; APPENDIX; Contingent Claim Analysis Methodology</subfield></datafield><datafield ind1=' ' ind2=' ' tag='520'><subfield code='a'>Denmark: Selected Issues Paper</subfield></datafield><datafield ind1=' ' ind2=' ' tag='546'><subfield code='a'>English</subfield></datafield><datafield ind1=' ' ind2='0' tag='650'><subfield code='a'>Economic indicators</subfield><subfield code='z'>Denmark.</subfield></datafield><datafield ind1=' ' ind2='0' tag='650'><subfield code='a'>Economic developments</subfield><subfield code='z'>Denmark.</subfield></datafield><datafield ind1=' ' ind2='4' tag='655'><subfield code='a'>Electronic books.</subfield></datafield><datafield ind1=' ' ind2=' ' tag='776'><subfield code='z'>1-4755-2732-2</subfield></datafield><datafield ind1='2' ind2=' ' tag='710'><subfield code='a'>International Monetary Fund.</subfield><subfield code='b'>European Dept.</subfield></datafield><datafield ind1=' ' ind2='0' tag='830'><subfield code='a'>IMF Staff Country Reports</subfield></datafield><datafield ind1=' ' ind2=' ' tag='906'><subfield code='a'>BOOK</subfield></datafield><datafield ind1=' ' ind2=' ' tag='ADM'><subfield code='b'>2017-12-18 19:56:58</subfield><subfield code='e'>(CKB)2560000000098851</subfield><subfield code='d'>EBC</subfield><subfield code='a'>2013-03-16 19:04:42</subfield><subfield code='c'>false</subfield></datafield><datafield ind1=' ' ind2=' ' tag='PRT'><subfield code='a'>53405997400003811</subfield><subfield code='b'>https://sandbox01-na.alma.exlibrisgroup.com/view/uresolver/01TULI_INST/openurl?u.ignore_date_coverage=true&amp;rft.mms_id=991036855461003811</subfield><subfield code='e'>EBSCOhost</subfield><subfield code='9'>Available</subfield><subfield code='c'>eBook Business Collection</subfield><subfield code='h'>613790000000001579</subfield><subfield code='8'>53405997400003811</subfield></datafield></record>