
<record xmlns='http://www.loc.gov/MARC21/slim'><leader>02180cam a2200469 i 4500</leader><controlfield tag='005'>20170825212717.0</controlfield><controlfield tag='008'>150527s2015    ncua     b    001 0 eng c</controlfield><controlfield tag='001'>991013126269703811</controlfield><datafield ind1=' ' ind2=' ' tag='010'><subfield code='a'>2015020931</subfield></datafield><datafield ind1=' ' ind2=' ' tag='020'><subfield code='a'>9780822359753 (hardcover : alk. paper)</subfield></datafield><datafield ind1=' ' ind2=' ' tag='020'><subfield code='a'>0822359758 (hardcover : alk. paper)</subfield></datafield><datafield ind1=' ' ind2=' ' tag='020'><subfield code='a'>9780822360070 (pbk. : alk. paper)</subfield></datafield><datafield ind1=' ' ind2=' ' tag='020'><subfield code='a'>0822360071 (pbk. : alk. paper)</subfield></datafield><datafield ind1=' ' ind2=' ' tag='020'><subfield code='a'>9780822375050 (e-book)</subfield></datafield><datafield ind1=' ' ind2=' ' tag='020'><subfield code='a'>0822375052 (e-book)</subfield></datafield><datafield ind1=' ' ind2=' ' tag='035'><subfield code='a'>(PPT)b58660458-01tuli_inst</subfield></datafield><datafield ind1=' ' ind2=' ' tag='035'><subfield code='a'>(OCoLC)902656918</subfield></datafield><datafield ind1=' ' ind2=' ' tag='035'><subfield code='a'>ocn902656918</subfield></datafield><datafield ind1=' ' ind2=' ' tag='035'><subfield code='a'>(OCLC)ocn902656918</subfield></datafield><datafield ind1=' ' ind2=' ' tag='040'><subfield code='a'>NcD/DLC</subfield><subfield code='b'>eng</subfield><subfield code='e'>rda</subfield><subfield code='c'>NDD</subfield><subfield code='d'>DLC</subfield><subfield code='d'>YDXCP</subfield><subfield code='d'>BTCTA</subfield><subfield code='d'>BDX</subfield><subfield code='d'>OCLCO</subfield><subfield code='d'>OCLCF</subfield><subfield code='d'>CDX</subfield><subfield code='d'>PPT</subfield></datafield><datafield ind1=' ' ind2=' ' tag='042'><subfield code='a'>pcc</subfield></datafield><datafield ind1=' ' ind2=' ' tag='043'><subfield code='a'>nwaq---</subfield></datafield><datafield ind1=' ' ind2=' ' tag='079'><subfield code='a'>ocn902656918</subfield></datafield><datafield ind1=' ' ind2=' ' tag='090'><subfield code='a'>F2035</subfield><subfield code='b'>.L54 2015</subfield></datafield><datafield ind1='1' ind2=' ' tag='100'><subfield code='a'>Lightfoot, Natasha,</subfield><subfield code='d'>1978-</subfield><subfield code='e'>author.</subfield></datafield><datafield ind1='1' ind2='0' tag='245'><subfield code='a'>Troubling freedom :</subfield><subfield code='b'>Antigua and the aftermath of British emancipation /</subfield><subfield code='c'>Natasha Lightfoot.</subfield></datafield><datafield ind1=' ' ind2='1' tag='264'><subfield code='a'>Durham :</subfield><subfield code='b'>Duke University Press,</subfield><subfield code='c'>2015.</subfield></datafield><datafield ind1=' ' ind2=' ' tag='300'><subfield code='a'>xvi, 320 pages :</subfield><subfield code='b'>illustrations ;</subfield><subfield code='c'>23 cm</subfield></datafield><datafield ind1=' ' ind2=' ' tag='336'><subfield code='a'>text</subfield><subfield code='2'>rdacontent</subfield></datafield><datafield ind1=' ' ind2=' ' tag='337'><subfield code='a'>unmediated</subfield><subfield code='2'>rdamedia</subfield></datafield><datafield ind1=' ' ind2=' ' tag='338'><subfield code='a'>volume</subfield><subfield code='2'>rdacarrier</subfield></datafield><datafield ind1=' ' ind2=' ' tag='504'><subfield code='a'>Includes bibliographical references and index.</subfield></datafield><datafield ind1='0' ind2=' ' tag='505'><subfield code='a'>&quot;A landscape that continually recurred in passing&quot; : the many worlds of a small place -- &quot;So them make law for Negro, so them make law for master&quot; : Antigua&apos;s 1831 Sunday market rebellion -- &quot;But freedom till better&quot; : labor struggles after 1834 -- &quot;An equality with the highest in the land&quot;? : the expansion of Black private and public life -- &quot;Sinful conexions&quot; : Christianity, social surveillance, and Black women&apos;s bodies in distress -- &quot;Mashing ants&quot; : surviving the economic crisis after 1846 -- &quot;Our side&quot; : Antigua&apos;s 1858 uprising and the contingent nature of freedom.</subfield></datafield><datafield ind1=' ' ind2='0' tag='650'><subfield code='a'>Slaves</subfield><subfield code='x'>Emancipation</subfield><subfield code='z'>Antigua and Barbuda</subfield><subfield code='z'>Antigua.</subfield></datafield><datafield ind1=' ' ind2='0' tag='650'><subfield code='a'>Slaves</subfield><subfield code='x'>Emancipation</subfield><subfield code='x'>Colonies</subfield><subfield code='z'>Great Britain.</subfield></datafield><datafield ind1=' ' ind2='0' tag='651'><subfield code='a'>Antigua</subfield><subfield code='x'>Race relations</subfield><subfield code='x'>History.</subfield></datafield><datafield ind1=' ' ind2=' ' tag='902'><subfield code='a'>160223</subfield></datafield><datafield ind1=' ' ind2=' ' tag='907'><subfield code='a'>.b58660458</subfield><subfield code='b'>p    </subfield><subfield code='c'>-</subfield></datafield><datafield ind1=' ' ind2=' ' tag='945'><subfield code='l'>pstk </subfield><subfield code='g'>1</subfield></datafield><datafield ind1=' ' ind2=' ' tag='979'><subfield code='a'>ocn902656918</subfield></datafield><datafield ind1=' ' ind2=' ' tag='998'><subfield code='b'>0</subfield><subfield code='c'>160104</subfield><subfield code='d'>m</subfield><subfield code='e'>a</subfield><subfield code='f'>-</subfield><subfield code='g'>0</subfield></datafield><datafield ind1=' ' ind2=' ' tag='998'><subfield code='a'>01/04/16</subfield><subfield code='s'>CIP</subfield><subfield code='c'>YL</subfield></datafield><datafield ind1=' ' ind2=' ' tag='ADM'><subfield code='b'>2018-03-15 22:30:42</subfield><subfield code='e'>b58660458-01tuli_inst</subfield><subfield code='d'>ILS</subfield><subfield code='a'>2017-06-20 12:55:46</subfield><subfield code='c'>false</subfield></datafield><datafield ind1='0' ind2=' ' tag='HLD'><subfield code='b'>MAIN</subfield><subfield code='c'>stacks</subfield><subfield code='h'>F2035</subfield><subfield code='i'>.L54 2015</subfield><subfield code='8'>22321543280003811</subfield></datafield><datafield ind1=' ' ind2=' ' tag='ITM'><subfield code='r'>22321543280003811</subfield><subfield code='b'>1</subfield><subfield code='h'>0</subfield><subfield code='g'>stacks</subfield><subfield code='t'>BOOK</subfield><subfield code='9'>39074026890723</subfield><subfield code='e'>stacks</subfield><subfield code='8'>23321543270003811</subfield><subfield code='a'>0</subfield><subfield code='q'>2017-06-20 12:55:46</subfield><subfield code='i'>F2035 .L54 2015</subfield><subfield code='d'>MAIN</subfield><subfield code='f'>MAIN</subfield></datafield></record>