
<record xmlns='http://www.loc.gov/MARC21/slim'><leader>02204pam a2200505 a 4500</leader><controlfield tag='005'>20170825213132.0</controlfield><controlfield tag='008'>090727s2010    nyu      b    001 0 eng  </controlfield><controlfield tag='001'>991001114729703811</controlfield><datafield ind1=' ' ind2=' ' tag='010'><subfield code='a'>2009030682</subfield></datafield><datafield ind1=' ' ind2=' ' tag='020'><subfield code='a'>9780814758595 (cl : alk. paper)</subfield></datafield><datafield ind1=' ' ind2=' ' tag='020'><subfield code='a'>0814758592 (cl : alk. paper)</subfield></datafield><datafield ind1=' ' ind2=' ' tag='035'><subfield code='a'>(PPT)b42061234-01tuli_inst</subfield></datafield><datafield ind1=' ' ind2=' ' tag='035'><subfield code='a'>(OCoLC)ocn668318947</subfield><subfield code='9'>ExL</subfield></datafield><datafield ind1=' ' ind2=' ' tag='035'><subfield code='a'>(OCoLC)428731382</subfield></datafield><datafield ind1=' ' ind2=' ' tag='035'><subfield code='a'>ocn428731382</subfield></datafield><datafield ind1=' ' ind2=' ' tag='035'><subfield code='a'>(OCLC)ocn428731382</subfield></datafield><datafield ind1=' ' ind2=' ' tag='040'><subfield code='a'>DLC</subfield><subfield code='c'>DLC</subfield><subfield code='d'>YDXCP</subfield><subfield code='d'>C#P</subfield></datafield><datafield ind1=' ' ind2=' ' tag='079'><subfield code='a'>ocn428731382</subfield></datafield><datafield ind1=' ' ind2=' ' tag='090'><subfield code='a'>LB2322.2</subfield><subfield code='b'>.N45 2010</subfield></datafield><datafield ind1='1' ind2=' ' tag='100'><subfield code='a'>Nelson, Cary.</subfield></datafield><datafield ind1='1' ind2='0' tag='245'><subfield code='a'>No university is an island :</subfield><subfield code='b'>saving academic freedom /</subfield><subfield code='c'>Cary Nelson.</subfield></datafield><datafield ind1=' ' ind2=' ' tag='260'><subfield code='a'>New York :</subfield><subfield code='b'>New York University Press,</subfield><subfield code='c'>c2010.</subfield></datafield><datafield ind1=' ' ind2=' ' tag='300'><subfield code='a'>ix, 289 p ;</subfield><subfield code='c'>24 cm.</subfield></datafield><datafield ind1='1' ind2=' ' tag='490'><subfield code='a'>Cultural front</subfield></datafield><datafield ind1=' ' ind2=' ' tag='504'><subfield code='a'>Includes bibliographical references and index.</subfield></datafield><datafield ind1='0' ind2=' ' tag='505'><subfield code='a'>The three-legged stool: academic freedom, shared govenance, and tenure -- How a campus loses its way: sixteen threats to academic freedom -- Legacies of misrule: our contingent future -- Barefoot in New Zealand: political correctness on campus -- The future of faculty unionization -- Graduate-employee unionization and the future of academic labor -- On weakened ground: the AAUP, pedagogy, and the struggle over academic freedom -- No campus is an island: reflections on the AAUP presidency -- Evolution or devolution: the future of the AAUP&apos;s committee A on academic freedom and tenure.</subfield></datafield><datafield ind1=' ' ind2='0' tag='650'><subfield code='a'>Education, Higher</subfield><subfield code='x'>Philosophy.</subfield></datafield><datafield ind1=' ' ind2='0' tag='650'><subfield code='a'>Education, Higher</subfield><subfield code='x'>Political aspects.</subfield></datafield><datafield ind1=' ' ind2='0' tag='650'><subfield code='a'>Universities and colleges</subfield><subfield code='x'>Political aspects.</subfield></datafield><datafield ind1=' ' ind2='0' tag='650'><subfield code='a'>Academic freedom.</subfield></datafield><datafield ind1=' ' ind2='0' tag='650'><subfield code='a'>Teaching, Freedom of.</subfield></datafield><datafield ind1=' ' ind2='0' tag='650'><subfield code='a'>Intellectual freedom.</subfield></datafield><datafield ind1=' ' ind2='0' tag='650'><subfield code='a'>Political correctness.</subfield></datafield><datafield ind1='2' ind2='0' tag='610'><subfield code='a'>American Association of University Professors.</subfield><subfield code='b'>Committee on Academic Freedom.</subfield></datafield><datafield ind1=' ' ind2='0' tag='830'><subfield code='a'>Cultural front (Series)</subfield></datafield><datafield ind1=' ' ind2=' ' tag='901'><subfield code='a'>R3828716</subfield></datafield><datafield ind1=' ' ind2=' ' tag='902'><subfield code='a'>110512</subfield></datafield><datafield ind1=' ' ind2=' ' tag='902'><subfield code='a'>100217AB0701</subfield></datafield><datafield ind1='0' ind2='0' tag='905'><subfield code='a'>Cultural front</subfield></datafield><datafield ind1=' ' ind2=' ' tag='907'><subfield code='a'>.b42061234</subfield><subfield code='b'>multi</subfield><subfield code='c'>-</subfield></datafield><datafield ind1=' ' ind2=' ' tag='945'><subfield code='l'>astk </subfield><subfield code='g'>1</subfield></datafield><datafield ind1=' ' ind2=' ' tag='945'><subfield code='l'>pstk </subfield><subfield code='g'>1</subfield></datafield><datafield ind1=' ' ind2=' ' tag='979'><subfield code='a'>ocn428731382</subfield></datafield><datafield ind1=' ' ind2=' ' tag='998'><subfield code='b'>4</subfield><subfield code='c'>100226</subfield><subfield code='d'>m</subfield><subfield code='e'>a</subfield><subfield code='f'>-</subfield><subfield code='g'>0</subfield></datafield><datafield ind1=' ' ind2=' ' tag='998'><subfield code='b'>1</subfield><subfield code='c'>100226</subfield><subfield code='d'>m</subfield><subfield code='e'>a</subfield><subfield code='f'>-</subfield><subfield code='g'>0</subfield></datafield><datafield ind1=' ' ind2=' ' tag='ADM'><subfield code='b'>2017-08-26 01:31:32</subfield><subfield code='e'>b42061234-01tuli_inst</subfield><subfield code='d'>ILS</subfield><subfield code='a'>2017-06-20 14:02:56</subfield><subfield code='c'>false</subfield></datafield><datafield ind1='0' ind2=' ' tag='HLD'><subfield code='b'>AMBLER</subfield><subfield code='c'>stacks</subfield><subfield code='h'>LB2322.2</subfield><subfield code='i'>.N45 2010</subfield><subfield code='8'>22328986960003811</subfield></datafield><datafield ind1='0' ind2=' ' tag='HLD'><subfield code='b'>MAIN</subfield><subfield code='c'>stacks</subfield><subfield code='h'>LB2322.2</subfield><subfield code='i'>.N45 2010</subfield><subfield code='8'>22328986980003811</subfield></datafield><datafield ind1=' ' ind2=' ' tag='ITM'><subfield code='r'>22328986960003811</subfield><subfield code='b'>1</subfield><subfield code='h'>0</subfield><subfield code='g'>stacks</subfield><subfield code='t'>BOOK</subfield><subfield code='9'>39074026246140</subfield><subfield code='e'>stacks</subfield><subfield code='8'>23328986950003811</subfield><subfield code='a'>0</subfield><subfield code='q'>2017-06-20 14:02:56</subfield><subfield code='i'>LB2322.2 .N45 2010</subfield><subfield code='d'>AMBLER</subfield><subfield code='f'>AMBLER</subfield></datafield><datafield ind1=' ' ind2=' ' tag='ITM'><subfield code='r'>22328986980003811</subfield><subfield code='b'>1</subfield><subfield code='h'>0</subfield><subfield code='g'>stacks</subfield><subfield code='t'>BOOK</subfield><subfield code='9'>39074025637414</subfield><subfield code='e'>stacks</subfield><subfield code='8'>23328986970003811</subfield><subfield code='a'>0</subfield><subfield code='q'>2017-06-20 14:02:56</subfield><subfield code='i'>LB2322.2 .N45 2010</subfield><subfield code='d'>MAIN</subfield><subfield code='f'>MAIN</subfield></datafield></record>