
<record xmlns='http://www.loc.gov/MARC21/slim'><leader>01838nam a22004094a 4500</leader><controlfield tag='005'>20170825182807.0</controlfield><controlfield tag='008'>040126s2004    miu      b    001 0 eng  </controlfield><controlfield tag='001'>991002960189703811</controlfield><datafield ind1=' ' ind2=' ' tag='010'><subfield code='a'>2004001664</subfield></datafield><datafield ind1=' ' ind2=' ' tag='020'><subfield code='a'>0880993049 (pbk. : alk. paper)</subfield></datafield><datafield ind1=' ' ind2=' ' tag='020'><subfield code='a'>0880993057 (hardcover : alk. paper)</subfield></datafield><datafield ind1=' ' ind2=' ' tag='035'><subfield code='a'>(PPT)b27715619-01tuli_inst</subfield></datafield><datafield ind1=' ' ind2=' ' tag='035'><subfield code='a'>(CStRLIN)ocn490449750</subfield><subfield code='9'>ExL</subfield></datafield><datafield ind1=' ' ind2=' ' tag='035'><subfield code='a'>PPTb27715619</subfield></datafield><datafield ind1=' ' ind2=' ' tag='035'><subfield code='a'>ocm54103873</subfield></datafield><datafield ind1=' ' ind2=' ' tag='035'><subfield code='a'>(OCLC)ocm54103873</subfield></datafield><datafield ind1=' ' ind2=' ' tag='040'><subfield code='a'>DLC</subfield><subfield code='c'>DLC</subfield><subfield code='d'>DLC</subfield></datafield><datafield ind1=' ' ind2=' ' tag='042'><subfield code='a'>pcc</subfield></datafield><datafield ind1=' ' ind2=' ' tag='043'><subfield code='a'>n-us---</subfield></datafield><datafield ind1=' ' ind2=' ' tag='079'><subfield code='a'>ocm54103873</subfield></datafield><datafield ind1=' ' ind2=' ' tag='090'><subfield code='a'>HF5549.5.D39</subfield><subfield code='b'>C66 2004</subfield></datafield><datafield ind1='1' ind2=' ' tag='100'><subfield code='a'>Connelly, Rachel.</subfield></datafield><datafield ind1='1' ind2='0' tag='245'><subfield code='a'>Kids at work :</subfield><subfield code='b'>the value of employer-sponsored on-site child care centers /</subfield><subfield code='c'>Rachel Connelly, Deborah S. DeGraff, Rachel A. Willis.</subfield></datafield><datafield ind1=' ' ind2=' ' tag='260'><subfield code='a'>Kalamazoo, Mich. :</subfield><subfield code='b'>W.E. Upjohn Institute for Employment Research,</subfield><subfield code='c'>2004.</subfield></datafield><datafield ind1=' ' ind2=' ' tag='300'><subfield code='a'>ix, 175 p. ;</subfield><subfield code='c'>23 cm.</subfield></datafield><datafield ind1=' ' ind2=' ' tag='504'><subfield code='a'>Includes bibliographical references (p. 155-165) and index.</subfield></datafield><datafield ind1='0' ind2=' ' tag='505'><subfield code='a'>Introduction: Policy issues and research questions -- The labor market and child care context in the United States -- Economic framework for the valuation of ESCC -- Description of study sites and data collection -- Analysis of the use of employer-sponsored on-site child care -- A direct method for valuing employee benefits from ESCC using a contingent valuation approach -- Employee valuation of employer-sponsored on-site child care -- Discussion and policy implications.</subfield></datafield><datafield ind1=' ' ind2='0' tag='650'><subfield code='a'>Employer-supported day care</subfield><subfield code='z'>United States.</subfield></datafield><datafield ind1='1' ind2=' ' tag='700'><subfield code='a'>DeGraff, Deborah S.</subfield></datafield><datafield ind1='1' ind2=' ' tag='700'><subfield code='a'>Willis, Rachel A.</subfield></datafield><datafield ind1='2' ind2=' ' tag='710'><subfield code='a'>W.E. Upjohn Institute for Employment Research.</subfield></datafield><datafield ind1=' ' ind2=' ' tag='902'><subfield code='a'>110512</subfield></datafield><datafield ind1=' ' ind2=' ' tag='907'><subfield code='a'>.b27715619</subfield><subfield code='b'>p    </subfield><subfield code='c'>-</subfield></datafield><datafield ind1=' ' ind2=' ' tag='945'><subfield code='l'>pstk </subfield><subfield code='g'>1</subfield></datafield><datafield ind1=' ' ind2=' ' tag='979'><subfield code='a'>ocm54103873</subfield></datafield><datafield ind1=' ' ind2=' ' tag='998'><subfield code='b'>0</subfield><subfield code='c'>050202</subfield><subfield code='d'>m</subfield><subfield code='e'>a</subfield><subfield code='f'>-</subfield><subfield code='g'>0</subfield></datafield><datafield ind1=' ' ind2=' ' tag='998'><subfield code='a'>02/02/05</subfield><subfield code='s'>LC</subfield><subfield code='c'>AT</subfield></datafield><datafield ind1=' ' ind2=' ' tag='ADM'><subfield code='b'>2017-08-25 22:28:07</subfield><subfield code='e'>b27715619-01tuli_inst</subfield><subfield code='d'>ILS</subfield><subfield code='a'>2017-06-20 09:06:52</subfield><subfield code='c'>false</subfield></datafield><datafield ind1='0' ind2=' ' tag='HLD'><subfield code='b'>MAIN</subfield><subfield code='c'>stacks</subfield><subfield code='h'>HF5549.5.D39</subfield><subfield code='i'>C66 2004</subfield><subfield code='8'>22290959040003811</subfield></datafield><datafield ind1=' ' ind2=' ' tag='ITM'><subfield code='r'>22290959040003811</subfield><subfield code='b'>1</subfield><subfield code='h'>0</subfield><subfield code='g'>stacks</subfield><subfield code='t'>BOOK</subfield><subfield code='9'>39074016856759</subfield><subfield code='e'>stacks</subfield><subfield code='8'>23290959030003811</subfield><subfield code='a'>0</subfield><subfield code='q'>2017-06-20 09:06:52</subfield><subfield code='i'>HF5549.5.D39 C66 2004</subfield><subfield code='d'>MAIN</subfield><subfield code='f'>MAIN</subfield></datafield></record>