
<record xmlns='http://www.loc.gov/MARC21/slim'><leader>03355pam a22004574a 4500</leader><controlfield tag='005'>20170826002022.0</controlfield><controlfield tag='008'>070618s2007    nyua     b    001 0 eng  </controlfield><controlfield tag='001'>991025152719703811</controlfield><datafield ind1=' ' ind2=' ' tag='010'><subfield code='a'>2007025306</subfield></datafield><datafield ind1=' ' ind2=' ' tag='020'><subfield code='a'>9780814409114</subfield></datafield><datafield ind1=' ' ind2=' ' tag='020'><subfield code='a'>0814409113</subfield></datafield><datafield ind1=' ' ind2=' ' tag='035'><subfield code='a'>(PPT)b32975211-01tuli_inst</subfield></datafield><datafield ind1=' ' ind2=' ' tag='035'><subfield code='a'>(DLC)ocn492207478</subfield><subfield code='9'>ExL</subfield></datafield><datafield ind1=' ' ind2=' ' tag='035'><subfield code='a'>(OCoLC)145431721</subfield><subfield code='z'>(OCoLC)144222328</subfield></datafield><datafield ind1=' ' ind2=' ' tag='035'><subfield code='a'>DLCOCN145431721</subfield></datafield><datafield ind1=' ' ind2=' ' tag='035'><subfield code='a'>ocn145431721</subfield></datafield><datafield ind1=' ' ind2=' ' tag='035'><subfield code='a'>(OCLC)ocn145431721</subfield></datafield><datafield ind1=' ' ind2=' ' tag='040'><subfield code='a'>DLC</subfield><subfield code='c'>DLC</subfield><subfield code='d'>BAKER</subfield><subfield code='d'>BTCTA</subfield><subfield code='d'>C#P</subfield></datafield><datafield ind1=' ' ind2=' ' tag='079'><subfield code='a'>ocn145431721</subfield></datafield><datafield ind1=' ' ind2=' ' tag='090'><subfield code='a'>HD30.28</subfield><subfield code='b'>.G7219 2007</subfield></datafield><datafield ind1='1' ind2=' ' tag='100'><subfield code='a'>Grantham, Charles E.</subfield></datafield><datafield ind1='1' ind2='0' tag='245'><subfield code='a'>Corporate agility :</subfield><subfield code='b'>a revolutionary new model for competing in a flat world /</subfield><subfield code='c'>Charles E. Grantham, James P. Ware, Cory Williamson.</subfield></datafield><datafield ind1=' ' ind2=' ' tag='260'><subfield code='a'>New York :</subfield><subfield code='b'>AMACOM-American Management Association,</subfield><subfield code='c'>c2007.</subfield></datafield><datafield ind1=' ' ind2=' ' tag='300'><subfield code='a'>x, 275 p. :</subfield><subfield code='b'>ill. ;</subfield><subfield code='c'>24 cm.</subfield></datafield><datafield ind1=' ' ind2=' ' tag='504'><subfield code='a'>Includes bibliographical references (p. 255-259) and index.</subfield></datafield><datafield ind1='0' ind2=' ' tag='505'><subfield code='a'>More corporate agility, less corporate real estate -- Putting workplace strategies in place -- Jones Lang Lasalle -- Sprint Nextel -- Hewlett-Packard -- The three major business challenges : costs, labor, and innovation -- Reducing fixed operating costs -- Reducing the corporate real estate footprint -- Additional means of CRE cost reduction -- Reconfiguring CRE -- Green building -- Choosing a location -- Outsourcing labor costs -- Spherion contingent workforce case study -- Attracting and retaining human talent -- Global demographic trends -- Educational trends -- Knowledge management -- Attraction and retention of labor -- Meaningful work -- Innovation and survival -- Technology and innovation -- Company culture and innovation -- Innovation and the workplace -- Under construction --  Innovation and the workforce -- Planting the seeds of innovation -- The virtual workforce -- The history of work -- The distributed workforce -- Resistance to the distributed workforce -- Assessment -- Productivity -- Offices without walls -- The workplace of the future -- Workplace strategy -- The live/work project -- Third places -- Business community centers -- The well-designed workplace -- The seven hallmarks of the productive workplace -- The seven hallmarks exemplified -- IA interior architects -- Collaborative strategic management -- A systems approach -- What does collaborative strategic management look like? -- The workplace/workforce transformation program -- Wrapping it all up -- Achieving corporate agility -- Why now? Change is more dramatic than ever -- Why now? Because the clock is already ticking -- Why now? Technology is reshaping our work world -- Leadership and strategy -- Questions you should be asking -- Questions for an agile organization -- Proceeding to answer the questions -- A new way of looking at organizations.</subfield></datafield><datafield ind1=' ' ind2='0' tag='650'><subfield code='a'>Strategic planning.</subfield></datafield><datafield ind1=' ' ind2='0' tag='650'><subfield code='a'>Organizational change.</subfield></datafield><datafield ind1=' ' ind2='0' tag='650'><subfield code='a'>Organizational effectiveness.</subfield></datafield><datafield ind1='1' ind2=' ' tag='700'><subfield code='a'>Ware, James P.</subfield></datafield><datafield ind1='1' ind2=' ' tag='700'><subfield code='a'>Williamson, Cory.</subfield></datafield><datafield ind1='4' ind2='1' tag='856'><subfield code='z'>Access Table of Contents.</subfield><subfield code='u'>http://www.loc.gov/catdir/toc/ecip0720/2007025306.html</subfield></datafield><datafield ind1=' ' ind2=' ' tag='901'><subfield code='a'>BNA</subfield></datafield><datafield ind1=' ' ind2=' ' tag='901'><subfield code='a'>R3664223</subfield></datafield><datafield ind1=' ' ind2=' ' tag='902'><subfield code='a'>110616</subfield></datafield><datafield ind1=' ' ind2=' ' tag='902'><subfield code='a'>070926AB0701</subfield></datafield><datafield ind1=' ' ind2=' ' tag='907'><subfield code='a'>.b32975211</subfield><subfield code='b'>p    </subfield><subfield code='c'>-</subfield></datafield><datafield ind1=' ' ind2=' ' tag='945'><subfield code='l'>pstk </subfield><subfield code='g'>1</subfield></datafield><datafield ind1=' ' ind2=' ' tag='979'><subfield code='a'>ocn145431721</subfield></datafield><datafield ind1=' ' ind2=' ' tag='998'><subfield code='b'>0</subfield><subfield code='c'>071010</subfield><subfield code='d'>m</subfield><subfield code='e'>a</subfield><subfield code='f'>-</subfield><subfield code='g'>0</subfield></datafield><datafield ind1=' ' ind2=' ' tag='998'><subfield code='a'>10/10/07</subfield><subfield code='s'>LC</subfield><subfield code='c'>DG</subfield></datafield><datafield ind1=' ' ind2=' ' tag='ADM'><subfield code='b'>2017-08-26 04:20:22</subfield><subfield code='e'>b32975211-01tuli_inst</subfield><subfield code='d'>ILS</subfield><subfield code='a'>2017-06-20 13:11:40</subfield><subfield code='c'>false</subfield></datafield><datafield ind1='0' ind2=' ' tag='HLD'><subfield code='b'>MAIN</subfield><subfield code='c'>stacks</subfield><subfield code='h'>HD30.28</subfield><subfield code='i'>.G7219 2007</subfield><subfield code='8'>22323304780003811</subfield></datafield><datafield ind1=' ' ind2=' ' tag='ITM'><subfield code='r'>22323304780003811</subfield><subfield code='b'>1</subfield><subfield code='h'>0</subfield><subfield code='g'>stacks</subfield><subfield code='t'>BOOK</subfield><subfield code='9'>39074022999551</subfield><subfield code='e'>stacks</subfield><subfield code='8'>23323304770003811</subfield><subfield code='a'>0</subfield><subfield code='q'>2017-06-20 13:11:40</subfield><subfield code='i'>HD30.28 .G7219 2007</subfield><subfield code='d'>MAIN</subfield><subfield code='f'>MAIN</subfield></datafield></record>