
<record xmlns='http://www.loc.gov/MARC21/slim'><leader>02203nam  2200373 i 4500</leader><controlfield tag='001'>991036757542703811</controlfield><controlfield tag='005'>20170919212341.0</controlfield><controlfield tag='006'>m     o  d |      </controlfield><controlfield tag='007'>cr -n---------</controlfield><controlfield tag='008'>150527s2015    ncuab   ob    001 0 eng|d</controlfield><datafield ind1=' ' ind2=' ' tag='020'><subfield code='a'>0-8223-7505-2</subfield></datafield><datafield ind1=' ' ind2=' ' tag='035'><subfield code='a'>(CKB)3710000000513453</subfield></datafield><datafield ind1=' ' ind2=' ' tag='035'><subfield code='a'>(EBL)4412764</subfield></datafield><datafield ind1=' ' ind2=' ' tag='035'><subfield code='a'>(OCoLC)902656918</subfield></datafield><datafield ind1=' ' ind2=' ' tag='035'><subfield code='a'>(SSID)ssj0001571433</subfield></datafield><datafield ind1=' ' ind2=' ' tag='035'><subfield code='a'>(PQKBManifestationID)16221692</subfield></datafield><datafield ind1=' ' ind2=' ' tag='035'><subfield code='a'>(PQKBTitleCode)TC0001571433</subfield></datafield><datafield ind1=' ' ind2=' ' tag='035'><subfield code='a'>(PQKBWorkID)14113210</subfield></datafield><datafield ind1=' ' ind2=' ' tag='035'><subfield code='a'>(PQKB)11552496</subfield></datafield><datafield ind1=' ' ind2=' ' tag='035'><subfield code='a'>(MiAaPQ)EBC4412764</subfield></datafield><datafield ind1=' ' ind2=' ' tag='035'><subfield code='a'>(EXLCZ)993710000000513453</subfield></datafield><datafield ind1=' ' ind2=' ' tag='040'><subfield code='a'>MiAaPQ</subfield><subfield code='b'>eng</subfield><subfield code='e'>rda</subfield><subfield code='e'>pn</subfield><subfield code='c'>MiAaPQ</subfield><subfield code='d'>MiAaPQ</subfield></datafield><datafield ind1=' ' ind2=' ' tag='041'><subfield code='a'>eng</subfield></datafield><datafield ind1=' ' ind2=' ' tag='043'><subfield code='a'>nwaq---</subfield></datafield><datafield ind1=' ' ind2='4' tag='050'><subfield code='a'>F2035</subfield><subfield code='b'>.L54 2015</subfield></datafield><datafield ind1='0' ind2='0' tag='082'><subfield code='a'>305.800972974</subfield></datafield><datafield ind1='1' ind2=' ' tag='100'><subfield code='a'>Lightfoot, Natasha,</subfield><subfield code='d'>1978-</subfield><subfield code='e'>author.</subfield></datafield><datafield ind1='1' ind2='0' tag='245'><subfield code='a'>Troubling freedom :</subfield><subfield code='b'>Antigua and the aftermath of British emancipation /</subfield><subfield code='c'>Natasha Lightfoot.</subfield></datafield><datafield ind1=' ' ind2='1' tag='264'><subfield code='a'>Durham :</subfield><subfield code='b'>Duke University Press,</subfield><subfield code='c'>2015.</subfield></datafield><datafield ind1=' ' ind2=' ' tag='300'><subfield code='a'>1 online resource (337 p.)</subfield></datafield><datafield ind1=' ' ind2=' ' tag='336'><subfield code='a'>text</subfield><subfield code='b'>txt</subfield></datafield><datafield ind1=' ' ind2=' ' tag='337'><subfield code='a'>computer</subfield><subfield code='b'>c</subfield></datafield><datafield ind1=' ' ind2=' ' tag='338'><subfield code='a'>online resource</subfield><subfield code='b'>cr</subfield></datafield><datafield ind1=' ' ind2=' ' tag='500'><subfield code='a'>Description based upon print version of record.</subfield></datafield><datafield ind1=' ' ind2=' ' tag='520'><subfield code='a'>Natasha Lightfoot tells the story of how Antigua&apos;s newly freed black working people struggled to realize freedom, prior to and in the decades following their emancipation in 1834. Their continued efforts in the face of oppression complicate common definitions of freedom and narratives about newly freed slaves in the Caribbean.</subfield></datafield><datafield ind1=' ' ind2=' ' tag='546'><subfield code='a'>English</subfield></datafield><datafield ind1='0' ind2=' ' tag='505'><subfield code='a'>&quot;A landscape that continually recurred in passing&quot; : the many worlds of a small place -- &quot;So them make law for Negro, so them make law for master&quot; : Antigua&apos;s 1831 Sunday market rebellion -- &quot;But freedom till better&quot; : labor struggles after 1834 -- &quot;An equality with the highest in the land&quot;? : the expansion of Black private and public life -- &quot;Sinful conexions&quot; : Christianity, social surveillance, and Black women&apos;s bodies in distress -- &quot;Mashing ants&quot; : surviving the economic crisis after 1846 -- &quot;Our side&quot; : Antigua&apos;s 1858 uprising and the contingent nature of freedom.</subfield></datafield><datafield ind1=' ' ind2=' ' tag='504'><subfield code='a'>Includes bibliographical references (pages 287-308) and index.</subfield></datafield><datafield ind1=' ' ind2=' ' tag='588'><subfield code='a'>Description based on print version record.</subfield></datafield><datafield ind1=' ' ind2='0' tag='650'><subfield code='a'>Slaves</subfield><subfield code='x'>Emancipation</subfield><subfield code='z'>Antigua and Barbuda</subfield><subfield code='z'>Antigua.</subfield></datafield><datafield ind1=' ' ind2='0' tag='650'><subfield code='a'>Slaves</subfield><subfield code='x'>Emancipation</subfield><subfield code='x'>Colonies</subfield><subfield code='z'>Great Britain.</subfield></datafield><datafield ind1=' ' ind2='4' tag='655'><subfield code='a'>Electronic books.</subfield></datafield><datafield ind1=' ' ind2='0' tag='651'><subfield code='a'>Antigua</subfield><subfield code='x'>Race relations</subfield><subfield code='x'>History.</subfield></datafield><datafield ind1=' ' ind2=' ' tag='776'><subfield code='z'>0-8223-6007-1</subfield></datafield><datafield ind1=' ' ind2=' ' tag='776'><subfield code='z'>0-8223-5975-8</subfield></datafield><datafield ind1=' ' ind2=' ' tag='906'><subfield code='a'>BOOK</subfield></datafield><datafield ind1=' ' ind2=' ' tag='ADM'><subfield code='b'>2017-11-28 07:41:56</subfield><subfield code='e'>993710000000513453</subfield><subfield code='d'>NON_SFX</subfield><subfield code='f'>20160803134623.0</subfield><subfield code='a'>2015-12-06 11:43:02</subfield><subfield code='c'>false</subfield></datafield><datafield ind1=' ' ind2=' ' tag='PRT'><subfield code='a'>53355799770003811</subfield><subfield code='b'>https://sandbox01-na.alma.exlibrisgroup.com/view/uresolver/01TULI_INST/openurl?u.ignore_date_coverage=true&amp;rft.mms_id=991036757542703811</subfield><subfield code='e'>eDuke eBooks</subfield><subfield code='9'>Available</subfield><subfield code='c'>eDuke 2015 Books</subfield><subfield code='h'>613430000000000010</subfield><subfield code='8'>53355799770003811</subfield></datafield></record>