
<record xmlns='http://www.loc.gov/MARC21/slim'><leader>02437cam a2200433 i 4500</leader><controlfield tag='005'>20180315213217.0</controlfield><controlfield tag='008'>120120t20122012nju      b    001 0 eng  </controlfield><controlfield tag='001'>991030879369703811</controlfield><datafield ind1=' ' ind2=' ' tag='010'><subfield code='a'>2011053393</subfield></datafield><datafield ind1=' ' ind2=' ' tag='020'><subfield code='a'>9780691142692 (cloth : alk. paper)</subfield></datafield><datafield ind1=' ' ind2=' ' tag='020'><subfield code='a'>0691142696 (cloth : alk. paper)</subfield></datafield><datafield ind1=' ' ind2=' ' tag='035'><subfield code='a'>(PPT)b53203239-01tuli_inst</subfield></datafield><datafield ind1=' ' ind2=' ' tag='035'><subfield code='a'>(OCoLC)ocn816817144</subfield><subfield code='9'>ExL</subfield></datafield><datafield ind1=' ' ind2=' ' tag='035'><subfield code='a'>(OCoLC)773533853</subfield></datafield><datafield ind1=' ' ind2=' ' tag='035'><subfield code='a'>ocn773533853</subfield></datafield><datafield ind1=' ' ind2=' ' tag='035'><subfield code='a'>(OCLC)ocn773533853</subfield></datafield><datafield ind1=' ' ind2=' ' tag='040'><subfield code='a'>DLC</subfield><subfield code='e'>rda</subfield><subfield code='b'>eng</subfield><subfield code='c'>DLC</subfield><subfield code='d'>YDX</subfield><subfield code='d'>BTCTA</subfield><subfield code='d'>UKMGB</subfield><subfield code='d'>BDX</subfield><subfield code='d'>PUL</subfield><subfield code='d'>OCLCO</subfield><subfield code='d'>YDXCP</subfield><subfield code='d'>CDX</subfield></datafield><datafield ind1=' ' ind2=' ' tag='042'><subfield code='a'>pcc</subfield></datafield><datafield ind1=' ' ind2=' ' tag='079'><subfield code='a'>ocn773533853</subfield></datafield><datafield ind1=' ' ind2=' ' tag='090'><subfield code='a'>JZ1308</subfield><subfield code='b'>.R57 2012</subfield></datafield><datafield ind1='1' ind2=' ' tag='100'><subfield code='a'>Risse, Mathias,</subfield><subfield code='d'>1970-</subfield></datafield><datafield ind1='1' ind2='0' tag='245'><subfield code='a'>On global justice /</subfield><subfield code='c'>Mathias Risse.</subfield></datafield><datafield ind1=' ' ind2=' ' tag='260'><subfield code='a'>Princeton, New Jersey :</subfield><subfield code='b'>Princeton University Press,</subfield><subfield code='c'>[2012], ©2012.</subfield></datafield><datafield ind1=' ' ind2=' ' tag='300'><subfield code='a'>xii, 465 pages ;</subfield><subfield code='c'>24 cm</subfield></datafield><datafield ind1=' ' ind2=' ' tag='336'><subfield code='a'>text</subfield><subfield code='2'>rdacontent</subfield></datafield><datafield ind1=' ' ind2=' ' tag='337'><subfield code='a'>unmediated</subfield><subfield code='2'>rdamedia</subfield></datafield><datafield ind1=' ' ind2=' ' tag='338'><subfield code='a'>volume</subfield><subfield code='2'>rdacarrier</subfield></datafield><datafield ind1=' ' ind2=' ' tag='504'><subfield code='a'>Includes bibliographical references and index.</subfield></datafield><datafield ind1='0' ind2=' ' tag='505'><subfield code='a'>The grounds of justice -- &quot;Un pouvoir ordinaire&quot;: shared membership in a state as a ground of -- Justice -- Internationalism versus statism and globalism: contemporary debates -- What follows from our common humanity? : the institutional stance, human rights, and nonrelationism -- Hugo Grotius revisited : collective ownership of the Earth and global public reason -- &quot;Our sole habitation&quot; : a contemporary approach to collective ownership of the earth -- Toward a contingent derivation of human rights -- Proportionate use : immigration and original ownership of the Earth -- &quot;But the earth abideth for ever&quot; : obligations to future generations -- Climate change and ownership of the atmosphere -- Human rights as membership rights in the global order -- Arguing for human rights : essential pharmaceuticals -- Arguing for human rights : labor rights as human rights -- Justice and trade -- The way we live now -- &quot;Imagine there&apos;s no countries&quot; : a reply to John Lennon -- Justice and accountability : the state -- Justice and accountability : the World Trade Organization.</subfield></datafield><datafield ind1=' ' ind2=' ' tag='541'><subfield code='a'>Roberts, H. Earl, Jr.;</subfield><subfield code='c'>Gift ;</subfield><subfield code='d'>2012</subfield></datafield><datafield ind1=' ' ind2='0' tag='650'><subfield code='a'>Internationalism.</subfield></datafield><datafield ind1=' ' ind2='0' tag='650'><subfield code='a'>Distributive justice.</subfield></datafield><datafield ind1=' ' ind2='0' tag='650'><subfield code='a'>Human rights.</subfield></datafield><datafield ind1=' ' ind2=' ' tag='907'><subfield code='a'>.b53203239</subfield><subfield code='b'>multi</subfield><subfield code='c'>-</subfield></datafield><datafield ind1=' ' ind2=' ' tag='945'><subfield code='l'>jtcas</subfield><subfield code='g'>1</subfield></datafield><datafield ind1=' ' ind2=' ' tag='945'><subfield code='l'>pstk </subfield><subfield code='g'>1</subfield></datafield><datafield ind1=' ' ind2=' ' tag='979'><subfield code='a'>ocn773533853</subfield></datafield><datafield ind1=' ' ind2=' ' tag='998'><subfield code='b'>3</subfield><subfield code='c'>121022</subfield><subfield code='d'>m</subfield><subfield code='e'>a</subfield><subfield code='f'>-</subfield><subfield code='g'>0</subfield></datafield><datafield ind1=' ' ind2=' ' tag='998'><subfield code='b'>1</subfield><subfield code='c'>121022</subfield><subfield code='d'>m</subfield><subfield code='e'>a</subfield><subfield code='f'>-</subfield><subfield code='g'>0</subfield></datafield><datafield ind1=' ' ind2=' ' tag='ADM'><subfield code='b'>2018-03-16 01:32:17</subfield><subfield code='e'>b53203239-01tuli_inst</subfield><subfield code='d'>ILS</subfield><subfield code='a'>2017-06-20 11:16:25</subfield><subfield code='c'>false</subfield></datafield><datafield ind1='0' ind2=' ' tag='HLD'><subfield code='b'>JAPAN</subfield><subfield code='c'>stacks</subfield><subfield code='h'>JZ1308</subfield><subfield code='i'>.R57 2012</subfield><subfield code='8'>22310277710003811</subfield></datafield><datafield ind1='0' ind2=' ' tag='HLD'><subfield code='b'>MAIN</subfield><subfield code='c'>stacks</subfield><subfield code='h'>JZ1308</subfield><subfield code='i'>.R57 2012</subfield><subfield code='8'>22310277730003811</subfield></datafield><datafield ind1=' ' ind2=' ' tag='ITM'><subfield code='r'>22310277710003811</subfield><subfield code='b'>1</subfield><subfield code='h'>0</subfield><subfield code='g'>stacks</subfield><subfield code='t'>BOOK</subfield><subfield code='9'>31982020062685</subfield><subfield code='e'>stacks</subfield><subfield code='8'>23310277700003811</subfield><subfield code='a'>0</subfield><subfield code='q'>2017-06-20 11:16:25</subfield><subfield code='i'>JZ1308 .R57 2012</subfield><subfield code='d'>JAPAN</subfield><subfield code='f'>JAPAN</subfield></datafield><datafield ind1=' ' ind2=' ' tag='ITM'><subfield code='r'>22310277730003811</subfield><subfield code='b'>1</subfield><subfield code='h'>0</subfield><subfield code='g'>stacks</subfield><subfield code='t'>BOOK</subfield><subfield code='9'>39074026526111</subfield><subfield code='e'>stacks</subfield><subfield code='8'>23310277720003811</subfield><subfield code='a'>0</subfield><subfield code='q'>2017-06-20 11:16:25</subfield><subfield code='i'>JZ1308 .R57 2012</subfield><subfield code='d'>MAIN</subfield><subfield code='f'>MAIN</subfield></datafield></record>