
<record xmlns='http://www.loc.gov/MARC21/slim'><leader>01949nam  2200289 a 4500</leader><controlfield tag='001'>991036741937203811</controlfield><controlfield tag='005'>20170816123503.0</controlfield><controlfield tag='006'>m     o  d |      </controlfield><controlfield tag='007'>cr -n---------</controlfield><controlfield tag='008'>081218s2009    cauab   ob    001 0 eng c</controlfield><datafield ind1=' ' ind2=' ' tag='010'><subfield code='z'>  2008053333</subfield></datafield><datafield ind1=' ' ind2=' ' tag='020'><subfield code='a'>0-8047-7240-1</subfield></datafield><datafield ind1=' ' ind2=' ' tag='035'><subfield code='a'>(CKB)2520000000007723</subfield></datafield><datafield ind1=' ' ind2=' ' tag='035'><subfield code='a'>(EBL)543990</subfield></datafield><datafield ind1=' ' ind2=' ' tag='035'><subfield code='a'>(OCoLC)647835970</subfield></datafield><datafield ind1=' ' ind2=' ' tag='035'><subfield code='a'>(SSID)ssj0000457871</subfield></datafield><datafield ind1=' ' ind2=' ' tag='035'><subfield code='a'>(PQKBManifestationID)11268368</subfield></datafield><datafield ind1=' ' ind2=' ' tag='035'><subfield code='a'>(PQKBTitleCode)TC0000457871</subfield></datafield><datafield ind1=' ' ind2=' ' tag='035'><subfield code='a'>(PQKBWorkID)10415984</subfield></datafield><datafield ind1=' ' ind2=' ' tag='035'><subfield code='a'>(PQKB)11158970</subfield></datafield><datafield ind1=' ' ind2=' ' tag='035'><subfield code='a'>(StDuBDS)EDZ0000127592</subfield></datafield><datafield ind1=' ' ind2=' ' tag='035'><subfield code='a'>(MiAaPQ)EBC543990</subfield></datafield><datafield ind1=' ' ind2=' ' tag='035'><subfield code='a'>(EXLCZ)992520000000007723</subfield></datafield><datafield ind1=' ' ind2=' ' tag='040'><subfield code='a'>MiAaPQ</subfield><subfield code='c'>MiAaPQ</subfield><subfield code='d'>MiAaPQ</subfield></datafield><datafield ind1=' ' ind2=' ' tag='041'><subfield code='a'>eng</subfield></datafield><datafield ind1=' ' ind2='4' tag='050'><subfield code='a'>GN345.2</subfield><subfield code='b'>.C55 2009</subfield></datafield><datafield ind1='0' ind2='0' tag='082'><subfield code='a'>909.04</subfield><subfield code='a'>909/.04</subfield></datafield><datafield ind1='1' ind2=' ' tag='100'><subfield code='a'>Tagliacozzo, Eric.</subfield></datafield><datafield ind1=' ' ind2=' ' tag='210'><subfield code='a'>CLIO/ANTHROPOS </subfield></datafield><datafield ind1='0' ind2='0' tag='245'><subfield code='a'>Clio/anthropos</subfield><subfield code='h'>[electronic resource] :</subfield><subfield code='b'>exploring the boundaries between history and anthropology /</subfield><subfield code='c'>edited by Andrew Willford and Eric Tagliacozzo.</subfield></datafield><datafield ind1=' ' ind2=' ' tag='246'><subfield code='a'>Clio&apos;Anthropos </subfield></datafield><datafield ind1=' ' ind2=' ' tag='260'><subfield code='a'>Stanford, Calif. :</subfield><subfield code='b'>Stanford University Press,</subfield><subfield code='c'>c2009.</subfield></datafield><datafield ind1=' ' ind2=' ' tag='300'><subfield code='a'>1 online resource (313 p.)</subfield></datafield><datafield ind1=' ' ind2=' ' tag='336'><subfield code='a'>text</subfield><subfield code='b'>txt</subfield></datafield><datafield ind1=' ' ind2=' ' tag='337'><subfield code='a'>computer</subfield><subfield code='b'>c</subfield></datafield><datafield ind1=' ' ind2=' ' tag='338'><subfield code='a'>online resource</subfield><subfield code='b'>cr</subfield></datafield><datafield ind1=' ' ind2=' ' tag='500'><subfield code='a'>Description based upon print version of record.</subfield></datafield><datafield ind1=' ' ind2=' ' tag='520'><subfield code='a'>This volume looks at the intersection between history and anthropology to reveal the contingencies of the production of knowledge and its relation to power.</subfield></datafield><datafield ind1=' ' ind2=' ' tag='546'><subfield code='a'>English</subfield></datafield><datafield ind1=' ' ind2=' ' tag='588'><subfield code='a'>Description based on print version record.</subfield></datafield><datafield ind1=' ' ind2=' ' tag='504'><subfield code='a'>Includes bibliographical references and index.</subfield></datafield><datafield ind1='0' ind2=' ' tag='505'><subfield code='a'>Introduction : history and anthropology--strange bedfellows / Eric Tagliacozzo and Andrew Willford -- In search of the colonial subject / David Arnold -- Laughing at Leviathan : John Furnivall, Dutch New Guinea, and the ridiculousness of colonial rule / Danilyn Rutherford -- Export ceramics in Philippine societies : historical and ethnographic perspectives / Eric Tagliacozzo -- Chronotopes of a dystopic nation : the birth of &quot;dependency&quot; in late Porfirian Mexico / Claudio Lomnitz -- Foretelling ethnicity in Trinidad : the post emancipation &quot;labor problem&quot; / Viranjini Munasinghe -- The nationalization of ethnology : Japan and China in Manchuria / Prasenjit Duara -- The figure of the Tamil in modern Malaysia / Andrew Willford -- Unsettled stories and inadequate metaphors : the movement to historical anthropology / David William Cohen.</subfield></datafield><datafield ind1=' ' ind2='0' tag='650'><subfield code='a'>Ethnohistory.</subfield></datafield><datafield ind1=' ' ind2='0' tag='650'><subfield code='a'>Anthropology and history.</subfield></datafield><datafield ind1=' ' ind2='4' tag='655'><subfield code='a'>Electronic books.</subfield></datafield><datafield ind1='1' ind2=' ' tag='700'><subfield code='a'>Willford, Andrew C.</subfield><subfield code='q'>(Andrew Clinton)</subfield></datafield><datafield ind1='1' ind2=' ' tag='700'><subfield code='a'>Tagliacozzo, Eric.</subfield></datafield><datafield ind1=' ' ind2=' ' tag='776'><subfield code='z'>0-8047-6020-9</subfield></datafield><datafield ind1=' ' ind2=' ' tag='906'><subfield code='a'>BOOK</subfield></datafield><datafield ind1=' ' ind2=' ' tag='PRT'><subfield code='a'>53421793150003811</subfield><subfield code='b'>https://sandbox01-na.alma.exlibrisgroup.com/view/uresolver/01TULI_INST/openurl?u.ignore_date_coverage=true&amp;rft.mms_id=991036741937203811</subfield><subfield code='e'>Ebook Central</subfield><subfield code='c'>Ebook Central Academic Complete</subfield><subfield code='h'>614200000000000002</subfield><subfield code='8'>53421793150003811</subfield></datafield><datafield ind1=' ' ind2=' ' tag='PRT'><subfield code='a'>53395391890003811</subfield><subfield code='b'>https://sandbox01-na.alma.exlibrisgroup.com/view/uresolver/01TULI_INST/openurl?u.ignore_date_coverage=true&amp;rft.mms_id=991036741937203811</subfield><subfield code='e'>EBSCOhost</subfield><subfield code='c'>EBSCOhost Academic eBook Collection (North America)</subfield><subfield code='h'>613640000000000029</subfield><subfield code='8'>53395391890003811</subfield></datafield></record>