
<record xmlns='http://www.loc.gov/MARC21/slim'><leader>02678cam a2200421Ia 4500</leader><controlfield tag='005'>20180315145708.0</controlfield><controlfield tag='006'>m        d        </controlfield><controlfield tag='007'>cr cnu---unuuu</controlfield><controlfield tag='008'>040521s2004    miu     sb    001 0 eng d</controlfield><controlfield tag='001'>991021415639703811</controlfield><datafield ind1=' ' ind2=' ' tag='020'><subfield code='a'>1417505915 (electronic bk.)</subfield></datafield><datafield ind1=' ' ind2=' ' tag='035'><subfield code='a'>(PPT)b32098492-01tuli_inst</subfield></datafield><datafield ind1=' ' ind2=' ' tag='035'><subfield code='a'>(OCoLC)ocm55233483 </subfield><subfield code='9'>ExL</subfield></datafield><datafield ind1=' ' ind2=' ' tag='040'><subfield code='a'>N$T</subfield><subfield code='c'>N$T</subfield><subfield code='d'>OCLCQ</subfield></datafield><datafield ind1=' ' ind2=' ' tag='043'><subfield code='a'>n-us---</subfield></datafield><datafield ind1=' ' ind2=' ' tag='049'><subfield code='a'>GCLA</subfield></datafield><datafield ind1=' ' ind2=' ' tag='090'><subfield code='a'>HF5549.5.D39</subfield><subfield code='b'>C66 2004eb</subfield></datafield><datafield ind1='1' ind2=' ' tag='100'><subfield code='a'>Connelly, Rachel.</subfield></datafield><datafield ind1='1' ind2='0' tag='245'><subfield code='a'>Kids at work</subfield><subfield code='h'>[electronic resource] :</subfield><subfield code='b'>the value of employer-sponsored on-site child care centers /</subfield><subfield code='c'>Rachel Connelly, Deborah S. DeGraff and Rachel A. Willis.</subfield></datafield><datafield ind1=' ' ind2=' ' tag='260'><subfield code='a'>Kalamazoo, Mich. :</subfield><subfield code='b'>W.E. Upjohn Institute for Employment Research,</subfield><subfield code='c'>2004.</subfield></datafield><datafield ind1=' ' ind2=' ' tag='300'><subfield code='a'>1 v.</subfield></datafield><datafield ind1=' ' ind2=' ' tag='504'><subfield code='a'>Includes bibliographical references and index.</subfield></datafield><datafield ind1='0' ind2=' ' tag='505'><subfield code='a'>Introduction: policy issues and research questions -- The labor market and child care context in the United States -- Economic framework for the valuation of ESCC -- Description of study sites and data collection -- Analysis of the use of employer-sponsored on-site child care -- A direct method for valuing employee benefits from ESCC using a contingent valuation approach -- Employee valuation of employer-sponsored on-site child care.</subfield></datafield><datafield ind1=' ' ind2=' ' tag='533'><subfield code='a'>Electronic reproduction.</subfield><subfield code='b'>Boulder, Colo. :</subfield><subfield code='c'>NetLibrary,</subfield><subfield code='d'>2004.</subfield><subfield code='n'>Available via World Wide Web.</subfield><subfield code='n'>Access may be limited to NetLibrary affiliated libraries.</subfield></datafield><datafield ind1=' ' ind2=' ' tag='536'><subfield code='a'>This netLibrary electronic book is provided through the Access Pennsylvania Database project, a statewide library union catalog funded by the Pennsylvania Legislature and administered by the Pennsylvania Department of Education, Office of Commonwealth Libraries, Bureau of Library Development.</subfield></datafield><datafield ind1=' ' ind2=' ' tag='590'><subfield code='a'>Access is available to the Temple Community through use of a networked computer with a Temple IP address.</subfield></datafield><datafield ind1=' ' ind2='0' tag='650'><subfield code='a'>Employer-supported day care</subfield><subfield code='z'>United States.</subfield></datafield><datafield ind1=' ' ind2='0' tag='655'><subfield code='a'>Electronic books.</subfield></datafield><datafield ind1='1' ind2=' ' tag='700'><subfield code='a'>DeGraff, Deborah S.</subfield></datafield><datafield ind1='1' ind2=' ' tag='700'><subfield code='a'>Willis, Rachel A.</subfield></datafield><datafield ind1='2' ind2=' ' tag='710'><subfield code='a'>EBSCO Publishing (Firm)</subfield></datafield><datafield ind1='0' ind2=' ' tag='730'><subfield code='a'>EBSCOhost eBook collection.</subfield></datafield><datafield ind1='1' ind2=' ' tag='776'><subfield code='c'>Original</subfield><subfield code='z'>0880993049</subfield><subfield code='z'>0880993057</subfield><subfield code='w'>(DLC)  2004001664</subfield><subfield code='w'>(OCoLC)54103873</subfield></datafield><datafield ind1='4' ind2=' ' tag='856'><subfield code='3'>Bibliographic record display</subfield><subfield code='u'>http://libproxy.temple.edu/login?url=http://www.netLibrary.com/urlapi.asp?action=summary&amp;v=&amp;bookid=108964</subfield><subfield code='z'>Click here to access this electronic book provided through the Access Pennsylvania Database project.</subfield></datafield><datafield ind1=' ' ind2=' ' tag='902'><subfield code='a'>Authority information changed to reflect Ebsco&apos;s purchase of NetLibrary in 2011; mrtl 2/16/15</subfield></datafield><datafield ind1=' ' ind2=' ' tag='907'><subfield code='a'>.b32098492</subfield><subfield code='b'>w    </subfield><subfield code='c'>-</subfield></datafield><datafield ind1=' ' ind2=' ' tag='945'><subfield code='l'>w    </subfield><subfield code='g'>1</subfield></datafield><datafield ind1=' ' ind2=' ' tag='998'><subfield code='b'>1</subfield><subfield code='c'>070203</subfield><subfield code='d'>m</subfield><subfield code='e'>@</subfield><subfield code='f'>-</subfield><subfield code='g'>0</subfield></datafield><datafield ind1=' ' ind2=' ' tag='ADM'><subfield code='b'>2018-03-15 18:57:08</subfield><subfield code='e'>b32098492-01tuli_inst</subfield><subfield code='d'>ILS</subfield><subfield code='a'>2017-06-20 07:43:43</subfield><subfield code='c'>false</subfield></datafield><datafield ind1=' ' ind2=' ' tag='PRT'><subfield code='a'>53372593920003811</subfield><subfield code='b'>https://sandbox01-na.alma.exlibrisgroup.com/view/uresolver/01TULI_INST/openurl?u.ignore_date_coverage=true&amp;rft.mms_id=991021415639703811</subfield><subfield code='f'>Click here to access this electronic book provided through the Access Pennsylvania Database project.</subfield><subfield code='9'>Available</subfield><subfield code='d'>MAIN</subfield><subfield code='c'>NetLibrary</subfield><subfield code='8'>53372593920003811</subfield></datafield></record>