
<record xmlns='http://www.loc.gov/MARC21/slim'><leader>02106nam a2200373Ka 4500</leader><controlfield tag='005'>20180315214254.0</controlfield><controlfield tag='008'>121220s2002    ilu      b    000 0 eng d</controlfield><controlfield tag='001'>991033223549703811</controlfield><datafield ind1=' ' ind2=' ' tag='020'><subfield code='a'>1590310829</subfield></datafield><datafield ind1=' ' ind2=' ' tag='020'><subfield code='a'>9781590310823</subfield></datafield><datafield ind1=' ' ind2=' ' tag='035'><subfield code='a'>(PPT)b26031401-01tuli_inst</subfield></datafield><datafield ind1=' ' ind2=' ' tag='035'><subfield code='a'>(OCoLC)822231765</subfield></datafield><datafield ind1=' ' ind2=' ' tag='040'><subfield code='a'>TULAW</subfield><subfield code='c'>TULAW</subfield></datafield><datafield ind1=' ' ind2=' ' tag='043'><subfield code='a'>n-us---</subfield></datafield><datafield ind1=' ' ind2=' ' tag='049'><subfield code='a'>TULA</subfield></datafield><datafield ind1=' ' ind2=' ' tag='090'><subfield code='a'>KF1414.3</subfield><subfield code='b'>.A5 2002</subfield></datafield><datafield ind1='0' ind2='0' tag='245'><subfield code='a'>Annual review of developments in business and corporate litigation /</subfield><subfield code='c'>Committee on Business and Corporate Litigation.</subfield></datafield><datafield ind1='1' ind2='8' tag='246'><subfield code='a'>Developments in business and corporate litigation, 2002.</subfield></datafield><datafield ind1='3' ind2=' ' tag='246'><subfield code='a'>Review of developments in business and corporate litigation, annual.</subfield></datafield><datafield ind1='3' ind2=' ' tag='246'><subfield code='a'>Business and corporate litigation, annual review.</subfield></datafield><datafield ind1=' ' ind2=' ' tag='250'><subfield code='a'>2002 ed.</subfield></datafield><datafield ind1=' ' ind2=' ' tag='260'><subfield code='a'>[Chicago, Ill.] :</subfield><subfield code='b'>Section of Business Law, American Bar Association,</subfield><subfield code='c'>c2002.</subfield></datafield><datafield ind1=' ' ind2=' ' tag='300'><subfield code='a'>xiv, 885 ;</subfield><subfield code='c'>26 cm.</subfield></datafield><datafield ind1=' ' ind2=' ' tag='504'><subfield code='a'>Includes bibliographical references and index.</subfield></datafield><datafield ind1='0' ind2=' ' tag='505'><subfield code='a'>1. Alternative dispute resolution law -- 2. Antitrust litigation -- 3. Bankruptcy litigation-- 4. Business torts litigation -- 5. Class action law -- 6. Corporate law -- 7. Criminal and enforcement litigation -- 8. Derivative litigation -- 9. Director liability and indemnification -- 10. Directors&apos; and officers&apos; liability insurance -- 11. ERISA -- 12. Employment law -- 13. Environmental law -- 14. Financial institution litigation -- 15. General partnerships, joint ventures, limited partnerships and limited liability companies -- 16. Intellectual property law -- 17. Labor law: when contingent workers become part of the bargaining unit -- 18. Securities arbitration law -- 19. Securities litigation -- Tables of cases -- Index.</subfield></datafield><datafield ind1=' ' ind2='0' tag='650'><subfield code='a'>Corporation law</subfield><subfield code='z'>United States.</subfield></datafield><datafield ind1=' ' ind2='0' tag='650'><subfield code='a'>Commercial law</subfield><subfield code='z'>United States.</subfield></datafield><datafield ind1=' ' ind2='0' tag='650'><subfield code='a'>Actions and defenses</subfield><subfield code='z'>United States.</subfield></datafield><datafield ind1='2' ind2=' ' tag='710'><subfield code='a'>American Bar Association.</subfield><subfield code='b'>Committee on Business and Corporate Litigation.</subfield></datafield><datafield ind1=' ' ind2=' ' tag='902'><subfield code='a'>160818</subfield></datafield><datafield ind1=' ' ind2=' ' tag='907'><subfield code='a'>.b26031401</subfield><subfield code='b'>l    </subfield><subfield code='c'>-</subfield></datafield><datafield ind1=' ' ind2=' ' tag='945'><subfield code='l'>lstk </subfield><subfield code='g'>1</subfield></datafield><datafield ind1=' ' ind2=' ' tag='998'><subfield code='b'>2</subfield><subfield code='c'>121220</subfield><subfield code='d'>m</subfield><subfield code='e'>a</subfield><subfield code='f'>-</subfield><subfield code='g'>0</subfield></datafield><datafield ind1=' ' ind2=' ' tag='998'><subfield code='b'>2</subfield><subfield code='c'>121220</subfield><subfield code='d'>m</subfield><subfield code='e'>a</subfield><subfield code='f'>-</subfield><subfield code='g'>0</subfield></datafield><datafield ind1=' ' ind2=' ' tag='ADM'><subfield code='b'>2018-03-16 01:42:54</subfield><subfield code='e'>b26031401-01tuli_inst</subfield><subfield code='d'>ILS</subfield><subfield code='a'>2017-06-20 06:22:27</subfield><subfield code='c'>false</subfield></datafield><datafield ind1='0' ind2=' ' tag='HLD'><subfield code='b'>LAW</subfield><subfield code='c'>closestack</subfield><subfield code='h'>KF1414.3</subfield><subfield code='i'>.A5 2002</subfield><subfield code='8'>22246472380003811</subfield></datafield><datafield ind1=' ' ind2=' ' tag='ITM'><subfield code='r'>22246472380003811</subfield><subfield code='b'>1</subfield><subfield code='h'>0</subfield><subfield code='g'>closestack</subfield><subfield code='t'>BOOK</subfield><subfield code='9'>39074804867513</subfield><subfield code='e'>closestack</subfield><subfield code='8'>23246472370003811</subfield><subfield code='a'>0</subfield><subfield code='q'>2017-06-20 06:22:27</subfield><subfield code='i'>KF1414.3 .A5 2002</subfield><subfield code='d'>LAW</subfield><subfield code='f'>LAW</subfield></datafield></record>