
<record xmlns='http://www.loc.gov/MARC21/slim'><leader>04975nam a22006613u 4500</leader><controlfield tag='001'>991036731526203811</controlfield><controlfield tag='005'>20170821175620.0</controlfield><controlfield tag='006'>m        d        </controlfield><controlfield tag='007'>cr -n---------</controlfield><controlfield tag='008'>151116s2011|||||||     s|||||||||||eng|d</controlfield><datafield ind1=' ' ind2=' ' tag='020'><subfield code='a'>1-283-89109-3</subfield></datafield><datafield ind1=' ' ind2=' ' tag='020'><subfield code='a'>0-8122-0514-6</subfield></datafield><datafield ind1=' ' ind2=' ' tag='035'><subfield code='a'>(CKB)3240000000064735</subfield></datafield><datafield ind1=' ' ind2=' ' tag='035'><subfield code='a'>(EBL)3441948</subfield></datafield><datafield ind1=' ' ind2=' ' tag='035'><subfield code='a'>(SSID)ssj0000811104</subfield></datafield><datafield ind1=' ' ind2=' ' tag='035'><subfield code='a'>(PQKBManifestationID)12349461</subfield></datafield><datafield ind1=' ' ind2=' ' tag='035'><subfield code='a'>(PQKBTitleCode)TC0000811104</subfield></datafield><datafield ind1=' ' ind2=' ' tag='035'><subfield code='a'>(PQKBWorkID)10847424</subfield></datafield><datafield ind1=' ' ind2=' ' tag='035'><subfield code='a'>(PQKB)10620783</subfield></datafield><datafield ind1=' ' ind2=' ' tag='035'><subfield code='a'>(SSID)ssj0000631073</subfield></datafield><datafield ind1=' ' ind2=' ' tag='035'><subfield code='a'>(PQKBManifestationID)11392503</subfield></datafield><datafield ind1=' ' ind2=' ' tag='035'><subfield code='a'>(PQKBTitleCode)TC0000631073</subfield></datafield><datafield ind1=' ' ind2=' ' tag='035'><subfield code='a'>(PQKBWorkID)10590373</subfield></datafield><datafield ind1=' ' ind2=' ' tag='035'><subfield code='a'>(PQKB)10831335</subfield></datafield><datafield ind1=' ' ind2=' ' tag='035'><subfield code='a'>(EXLCZ)993240000000064735</subfield></datafield><datafield ind1=' ' ind2=' ' tag='040'><subfield code='a'>AU-PeEL</subfield><subfield code='b'>eng</subfield><subfield code='c'>AU-PeEL</subfield><subfield code='d'>AU-PeEL</subfield></datafield><datafield ind1=' ' ind2=' ' tag='041'><subfield code='a'>eng</subfield></datafield><datafield ind1=' ' ind2='4' tag='050'><subfield code='a'>JC599.U6.H85 2011eb</subfield></datafield><datafield ind1='0' ind2='0' tag='082'><subfield code='a'>323.0973</subfield></datafield><datafield ind1='1' ind2=' ' tag='100'><subfield code='a'>Armaline, William T.</subfield></datafield><datafield ind1='1' ind2='0' tag='245'><subfield code='a'>Human Rights in Our Own Backyard</subfield><subfield code='h'>[electronic resource] :</subfield><subfield code='b'>Injustice and Resistance in the United States</subfield></datafield><datafield ind1=' ' ind2=' ' tag='246'><subfield code='a'>Pennsylvania Studies in Human Rights </subfield></datafield><datafield ind1=' ' ind2=' ' tag='246'><subfield code='a'>Human Rights in Our Own Backyard: Injustice and Resistance in the United States</subfield></datafield><datafield ind1=' ' ind2=' ' tag='260'><subfield code='a'>Philadelphia :</subfield><subfield code='b'>University of Pennsylvania Press, Inc.,</subfield><subfield code='c'>2011.</subfield></datafield><datafield ind1=' ' ind2=' ' tag='300'><subfield code='a'>1 online resource (344 p.)</subfield></datafield><datafield ind1=' ' ind2=' ' tag='336'><subfield code='a'>text</subfield><subfield code='b'>txt</subfield></datafield><datafield ind1=' ' ind2=' ' tag='337'><subfield code='a'>computer</subfield><subfield code='b'>c</subfield></datafield><datafield ind1=' ' ind2=' ' tag='338'><subfield code='a'>online resource</subfield><subfield code='b'>cr</subfield></datafield><datafield ind1='1' ind2=' ' tag='490'><subfield code='a'>Pennsylvania Studies in Human Rights</subfield></datafield><datafield ind1=' ' ind2=' ' tag='500'><subfield code='a'>Description based upon print version of record.</subfield></datafield><datafield ind1='0' ind2=' ' tag='505'><subfield code='a'>&quot;&quot;Cover            &quot;&quot;; &quot;&quot;Title Page                 &quot;&quot;; &quot;&quot;Copyright Page                     &quot;&quot;; &quot;&quot;Table of Contents                        &quot;&quot;; &quot;&quot;Foreword               &quot;&quot;; &quot;&quot;Introduction: Human Rights in the United States                                                      &quot;&quot;; &quot;&quot;Part I. Economic Rights                              &quot;&quot;</subfield></datafield><datafield ind1='8' ind2=' ' tag='505'><subfield code='a'>&quot;&quot;Chapter 1. Sweatshirts and Sweatshops: Labor Rights, Student Activism, and the Challenges of Collegiate Apparel Manufacturing                                                                                                                                    &quot;&quot;&quot;&quot;Chapter 2. Labor Rights After the Flexible Turn: The Rise of Contingent Employment and the Implications for Worker Rights in the United States                                                                                                                                                     &quot;&quot;</subfield></datafield><datafield ind1='8' ind2=' ' tag='505'><subfield code='a'>&quot;&quot;Chapter 3. Preying on the American Dream: Predatory Lending, Institutionalized Racism, and Resistance to Economic injustice                                                                                                                                  &quot;&quot;&quot;&quot;Part II. Social Rights                             &quot;&quot;; &quot;&quot;Chapter 4. Food Not Bombs: The Right to Eat                                                  &quot;&quot;; &quot;&quot;Chapter 5. The Long Road to Economic and Social Justice                                                              &quot;&quot;</subfield></datafield><datafield ind1='8' ind2=' ' tag='505'><subfield code='a'>&quot;&quot;Chapter 6. Hurricane Katrina and the Right to Food and Shelter                                                                     &quot;&quot;&quot;&quot;Chapter 7. Education, Human Rights, and the State: Toward New Visions                                                                            &quot;&quot;; &quot;&quot;Chapter 8. Health and Human Rights                                         &quot;&quot;; &quot;&quot;Part III. Cultural Rights                                &quot;&quot;; &quot;&quot;Chapter 9. We Are a People in the World: Native Americans and Human Rights                                                                                 &quot;&quot;</subfield></datafield><datafield ind1='8' ind2=' ' tag='505'><subfield code='a'>&quot;&quot;Chapter 10. Reflections on Cultural Human Rights                                                       &quot;&quot;&quot;&quot;Part IV. Political and Civil Rights                                          &quot;&quot;; &quot;&quot;Chapter 11. Erosion of Political and Civil Rights: Looking Back to Changes Since 9/11/01: The Patriot Act                                                                                                                &quot;&quot;; &quot;&quot;Chapter 12. U.S. Asylum and Refugee Policy: The &quot;Culture of No&quot;                                                                      &quot;&quot;</subfield></datafield><datafield ind1='8' ind2=' ' tag='505'><subfield code='a'>&quot;&quot;Chapter 13. The Border Action Network and Human Rights: Community-Based Resistance Against the Militarization of the U.S.-Mexico Border                                                                                                                                              &quot;&quot;</subfield></datafield><datafield ind1=' ' ind2=' ' tag='546'><subfield code='a'>English</subfield></datafield><datafield ind1=' ' ind2='4' tag='650'><subfield code='a'>Human rights -- Government policy -- United States.</subfield></datafield><datafield ind1=' ' ind2='4' tag='650'><subfield code='a'>Human rights -- United States.</subfield></datafield><datafield ind1=' ' ind2='0' tag='655'><subfield code='a'>Electronic books.</subfield></datafield><datafield ind1=' ' ind2='0' tag='650'><subfield code='a'>Human rights</subfield><subfield code='x'>Government policy</subfield><subfield code='z'>United States</subfield></datafield><datafield ind1=' ' ind2='0' tag='650'><subfield code='a'>Human rights</subfield><subfield code='z'>United States</subfield></datafield><datafield ind1=' ' ind2='7' tag='650'><subfield code='a'>Law, Politics &amp; Government</subfield><subfield code='2'>HILCC</subfield></datafield><datafield ind1=' ' ind2='7' tag='650'><subfield code='a'>Human Rights</subfield><subfield code='2'>HILCC</subfield></datafield><datafield ind1='1' ind2=' ' tag='700'><subfield code='a'>Glasberg, Davita Silfen.</subfield></datafield><datafield ind1='1' ind2=' ' tag='700'><subfield code='a'>Purkayastha, Bandana.</subfield></datafield><datafield ind1=' ' ind2=' ' tag='776'><subfield code='z'>0-8122-2257-1</subfield></datafield><datafield ind1=' ' ind2='0' tag='830'><subfield code='a'>Pennsylvania Studies in Human Rights</subfield></datafield><datafield ind1=' ' ind2=' ' tag='906'><subfield code='a'>BOOK</subfield></datafield><datafield ind1=' ' ind2=' ' tag='PRT'><subfield code='a'>53408731890003811</subfield><subfield code='b'>https://sandbox01-na.alma.exlibrisgroup.com/view/uresolver/01TULI_INST/openurl?u.ignore_date_coverage=true&amp;rft.mms_id=991036731526203811</subfield><subfield code='e'>JSTOR</subfield><subfield code='c'>JSTOR Books EBA Pilot</subfield><subfield code='h'>613810000000000259</subfield><subfield code='8'>53408731890003811</subfield></datafield><datafield ind1=' ' ind2=' ' tag='PRT'><subfield code='a'>53421611420003811</subfield><subfield code='b'>https://sandbox01-na.alma.exlibrisgroup.com/view/uresolver/01TULI_INST/openurl?u.ignore_date_coverage=true&amp;rft.mms_id=991036731526203811</subfield><subfield code='e'>Ebook Central</subfield><subfield code='c'>Ebook Central Academic Complete</subfield><subfield code='h'>614200000000000002</subfield><subfield code='8'>53421611420003811</subfield></datafield><datafield ind1=' ' ind2=' ' tag='PRT'><subfield code='a'>53425068470003811</subfield><subfield code='b'>https://sandbox01-na.alma.exlibrisgroup.com/view/uresolver/01TULI_INST/openurl?u.ignore_date_coverage=true&amp;rft.mms_id=991036731526203811</subfield><subfield code='e'>Ebook Central</subfield><subfield code='c'>Ebook Central University Press</subfield><subfield code='h'>614330000000000093</subfield><subfield code='8'>53425068470003811</subfield></datafield></record>