
<record xmlns='http://www.loc.gov/MARC21/slim'><leader>01125nam  2200313Ia 4500</leader><controlfield tag='001'>991036749352103811</controlfield><controlfield tag='005'>20170822130739.0</controlfield><controlfield tag='006'>m     o  d |      </controlfield><controlfield tag='007'>cr -n---------</controlfield><controlfield tag='008'>030716s2003    nyua    ob    001 0 eng d</controlfield><datafield ind1=' ' ind2=' ' tag='020'><subfield code='a'>1-135-54147-7</subfield></datafield><datafield ind1=' ' ind2=' ' tag='020'><subfield code='a'>1-280-20987-9</subfield></datafield><datafield ind1=' ' ind2=' ' tag='020'><subfield code='a'>9786610209873</subfield></datafield><datafield ind1=' ' ind2=' ' tag='020'><subfield code='a'>0-203-91223-3</subfield></datafield><datafield ind1=' ' ind2=' ' tag='035'><subfield code='a'>(CKB)111087028027704</subfield></datafield><datafield ind1=' ' ind2=' ' tag='035'><subfield code='a'>(EBL)216545</subfield></datafield><datafield ind1=' ' ind2=' ' tag='035'><subfield code='a'>(OCoLC)52912531</subfield></datafield><datafield ind1=' ' ind2=' ' tag='035'><subfield code='a'>(SSID)ssj0000149672</subfield></datafield><datafield ind1=' ' ind2=' ' tag='035'><subfield code='a'>(PQKBManifestationID)11177095</subfield></datafield><datafield ind1=' ' ind2=' ' tag='035'><subfield code='a'>(PQKBTitleCode)TC0000149672</subfield></datafield><datafield ind1=' ' ind2=' ' tag='035'><subfield code='a'>(PQKBWorkID)10240041</subfield></datafield><datafield ind1=' ' ind2=' ' tag='035'><subfield code='a'>(PQKB)11660598</subfield></datafield><datafield ind1=' ' ind2=' ' tag='035'><subfield code='a'>(MiAaPQ)EBC216545</subfield></datafield><datafield ind1=' ' ind2=' ' tag='035'><subfield code='a'>(EXLCZ)99111087028027704</subfield></datafield><datafield ind1=' ' ind2=' ' tag='040'><subfield code='a'>MiAaPQ</subfield><subfield code='c'>MiAaPQ</subfield><subfield code='d'>MiAaPQ</subfield></datafield><datafield ind1=' ' ind2=' ' tag='041'><subfield code='a'>eng</subfield></datafield><datafield ind1=' ' ind2='4' tag='050'><subfield code='a'>TH435</subfield><subfield code='b'>.P66 2003</subfield></datafield><datafield ind1='0' ind2='0' tag='082'><subfield code='a'>692/.5</subfield></datafield><datafield ind1='1' ind2=' ' tag='100'><subfield code='a'>Popescu, Calin.</subfield></datafield><datafield ind1='1' ind2='0' tag='245'><subfield code='a'>Estimating building costs</subfield><subfield code='h'>[electronic resource] /</subfield><subfield code='c'>Calin M. Popescu, Kan Phaobunjong, Nuntapong Ovararin.</subfield></datafield><datafield ind1=' ' ind2=' ' tag='260'><subfield code='a'>New York :</subfield><subfield code='b'>Marcel Dekker,</subfield><subfield code='c'>c2003.</subfield></datafield><datafield ind1=' ' ind2=' ' tag='300'><subfield code='a'>1 online resource (670 p.)</subfield></datafield><datafield ind1=' ' ind2=' ' tag='336'><subfield code='a'>text</subfield><subfield code='b'>txt</subfield></datafield><datafield ind1=' ' ind2=' ' tag='337'><subfield code='a'>computer</subfield><subfield code='b'>c</subfield></datafield><datafield ind1=' ' ind2=' ' tag='338'><subfield code='a'>online resource</subfield><subfield code='b'>cr</subfield></datafield><datafield ind1='1' ind2=' ' tag='490'><subfield code='a'>Civil and environmental engineering ;</subfield><subfield code='v'>11</subfield></datafield><datafield ind1=' ' ind2=' ' tag='500'><subfield code='a'>Description based upon print version of record.</subfield></datafield><datafield ind1='0' ind2=' ' tag='505'><subfield code='a'>Preface; Acknowledgments; Contents; Introductory Remarks; Units Conversion; Introduction; Types of Estimates; Estimating the Cost of Materials; Estimating the Cost of Labor; Estimating the Cost of Construction Equipment; The Bidding Process; Site Work; Concrete; Masonry; Metals; Wood; Thermal and Moisture Protection; Doors and Windows; Finishes; Mechanical Work; Electrical Work; Jobsite Overhead; Surety Bonds, Insurance, and Taxes; General Overhead, Contingencies, and Profit; Appendix 1; Appendix 2; Appendix 3; Appendix 4; Appendix 5; References; Index</subfield></datafield><datafield ind1=' ' ind2=' ' tag='520'><subfield code='a'>Companies live or die on the basis of estimating their costs. Preparing estimates and bidding for new jobs is a complex and often costly process. There is no substitute for on the job training -- until now. Drawing on the authors&apos; combined experience of more than 70 years, Estimating Building Costs presents state-of-the-art principles, practices, and techniques for assessing these expenditures that can be applied regardless of changes in the costs of materials, equipment, and labor. The book is an efficient and practical tool for developing contracts or controlling project costs.The au</subfield></datafield><datafield ind1=' ' ind2=' ' tag='546'><subfield code='a'>English</subfield></datafield><datafield ind1=' ' ind2=' ' tag='504'><subfield code='a'>Includes bibliographical references and index.</subfield></datafield><datafield ind1=' ' ind2='0' tag='650'><subfield code='a'>Building</subfield><subfield code='x'>Estimates.</subfield></datafield><datafield ind1=' ' ind2='0' tag='650'><subfield code='a'>Building.</subfield></datafield><datafield ind1=' ' ind2='4' tag='655'><subfield code='a'>Electronic books.</subfield></datafield><datafield ind1=' ' ind2=' ' tag='776'><subfield code='z'>0-8247-4086-6</subfield></datafield><datafield ind1='1' ind2=' ' tag='700'><subfield code='a'>Phaobunjong, Kan.</subfield></datafield><datafield ind1='0' ind2=' ' tag='700'><subfield code='a'>Nuntapong Ovararin.</subfield></datafield><datafield ind1=' ' ind2='0' tag='830'><subfield code='a'>Civil and Environmental Engineering</subfield></datafield><datafield ind1=' ' ind2=' ' tag='906'><subfield code='a'>BOOK</subfield></datafield><datafield ind1=' ' ind2=' ' tag='ADM'><subfield code='b'>2017-11-24 18:10:05</subfield><subfield code='e'>99111087028027704</subfield><subfield code='d'>NON_SFX</subfield><subfield code='f'>20160803134623.0</subfield><subfield code='a'>2012-02-26 00:57:55</subfield><subfield code='c'>false</subfield></datafield><datafield ind1=' ' ind2=' ' tag='PRT'><subfield code='a'>53353596510003811</subfield><subfield code='b'>https://sandbox01-na.alma.exlibrisgroup.com/view/uresolver/01TULI_INST/openurl?u.ignore_date_coverage=true&amp;rft.mms_id=991036749352103811</subfield><subfield code='e'>CRC_NETBASE</subfield><subfield code='9'>Available</subfield><subfield code='c'>ENGnetBASE</subfield><subfield code='h'>61111082146981000</subfield><subfield code='8'>53353596510003811</subfield></datafield><datafield ind1=' ' ind2=' ' tag='PRT'><subfield code='a'>53354548770003811</subfield><subfield code='b'>https://sandbox01-na.alma.exlibrisgroup.com/view/uresolver/01TULI_INST/openurl?u.ignore_date_coverage=true&amp;rft.mms_id=991036749352103811</subfield><subfield code='e'>CRC_NETBASE</subfield><subfield code='9'>Available</subfield><subfield code='c'>CivilEngineeringnetBASE</subfield><subfield code='h'>611000000000001876</subfield><subfield code='8'>53354548770003811</subfield></datafield></record>