
<record xmlns='http://www.loc.gov/MARC21/slim'><leader>01035nam  2200265 a 4500</leader><controlfield tag='001'>991036740287203811</controlfield><controlfield tag='005'>20170821195954.0</controlfield><controlfield tag='006'>m     o  d |      </controlfield><controlfield tag='007'>cr -n---------</controlfield><controlfield tag='008'>961212s1997    nyua    ob    001 0 eng  </controlfield><datafield ind1=' ' ind2=' ' tag='010'><subfield code='z'>   96053452 </subfield></datafield><datafield ind1=' ' ind2=' ' tag='020'><subfield code='a'>1-280-19242-9</subfield></datafield><datafield ind1=' ' ind2=' ' tag='020'><subfield code='a'>0-8247-4687-2</subfield></datafield><datafield ind1=' ' ind2=' ' tag='020'><subfield code='a'>1-135-54756-4</subfield></datafield><datafield ind1=' ' ind2=' ' tag='020'><subfield code='a'>9786610192427</subfield></datafield><datafield ind1=' ' ind2=' ' tag='020'><subfield code='a'>0-203-91001-X</subfield></datafield><datafield ind1=' ' ind2=' ' tag='035'><subfield code='a'>(CKB)111000211260578</subfield></datafield><datafield ind1=' ' ind2=' ' tag='035'><subfield code='a'>(EBL)216131</subfield></datafield><datafield ind1=' ' ind2=' ' tag='035'><subfield code='a'>(OCoLC)62867001</subfield></datafield><datafield ind1=' ' ind2=' ' tag='035'><subfield code='a'>(SSID)ssj0000147584</subfield></datafield><datafield ind1=' ' ind2=' ' tag='035'><subfield code='a'>(PQKBManifestationID)11176945</subfield></datafield><datafield ind1=' ' ind2=' ' tag='035'><subfield code='a'>(PQKBTitleCode)TC0000147584</subfield></datafield><datafield ind1=' ' ind2=' ' tag='035'><subfield code='a'>(PQKBWorkID)10011314</subfield></datafield><datafield ind1=' ' ind2=' ' tag='035'><subfield code='a'>(PQKB)10858605</subfield></datafield><datafield ind1=' ' ind2=' ' tag='035'><subfield code='a'>(MiAaPQ)EBC216131</subfield></datafield><datafield ind1=' ' ind2=' ' tag='035'><subfield code='a'>(EXLCZ)99111000211260578</subfield></datafield><datafield ind1=' ' ind2=' ' tag='040'><subfield code='a'>MiAaPQ</subfield><subfield code='c'>MiAaPQ</subfield><subfield code='d'>MiAaPQ</subfield></datafield><datafield ind1=' ' ind2=' ' tag='041'><subfield code='a'>eng</subfield></datafield><datafield ind1=' ' ind2='4' tag='050'><subfield code='a'>TA183</subfield><subfield code='b'>.E64 1997</subfield></datafield><datafield ind1='0' ind2='0' tag='082'><subfield code='a'>620.00681</subfield><subfield code='a'>658.15/52</subfield></datafield><datafield ind1='1' ind2=' ' tag='100'><subfield code='a'>Westney, Richard E.</subfield></datafield><datafield ind1='0' ind2='4' tag='245'><subfield code='a'>The Engineer&apos;s cost handbook</subfield><subfield code='h'>[electronic resource] :</subfield><subfield code='b'>tools for managing project costs /</subfield><subfield code='c'>edited by Richard E. Westney.</subfield></datafield><datafield ind1=' ' ind2=' ' tag='260'><subfield code='a'>New York :</subfield><subfield code='b'>M. Dekker,</subfield><subfield code='c'>c1997.</subfield></datafield><datafield ind1=' ' ind2=' ' tag='300'><subfield code='a'>1 online resource (774 p.)</subfield></datafield><datafield ind1=' ' ind2=' ' tag='336'><subfield code='a'>text</subfield><subfield code='b'>txt</subfield></datafield><datafield ind1=' ' ind2=' ' tag='337'><subfield code='a'>computer</subfield><subfield code='b'>c</subfield></datafield><datafield ind1=' ' ind2=' ' tag='338'><subfield code='a'>online resource</subfield><subfield code='b'>cr</subfield></datafield><datafield ind1=' ' ind2=' ' tag='500'><subfield code='a'>Description based upon print version of record.</subfield></datafield><datafield ind1='0' ind2=' ' tag='505'><subfield code='a'>Preface; Contents; Contributors; About the Contributors; The Estimating Process ; Estimating Methodology ; Estimating Engineering Costs ; Estimating Engineered Equipment Costs ; Estimating Bulk Material Costs ; Estimating Construction Labor and Indirect Costs; Productivity Analysis ; Cash Flow Analysis ; Estimating the Cost of Escalation ; Location Factor Analysis ; Estimating the Cost of Environmental  Restoration; Risk and Contingency Analysis ; Profitability Analysis ; Investment Decision-Ma king ; Cost Control Systems ; Controlling Engineering Costs</subfield></datafield><datafield ind1='8' ind2=' ' tag='505'><subfield code='a'>Controlling the Cost of Engineered EquipmentControlling the Cost of Materials ; Applying the Principles of Value Engineering; Controlling the Cost of Construction Labor; Controlling the Cost of Quality ; Controlling the Cost of Safety ; Controlling the Costs of Shipping ; Avoiding Claims ; Index</subfield></datafield><datafield ind1=' ' ind2=' ' tag='520'><subfield code='a'>Offers coverage of each important step in engineering cost control process, from project justification to life-cycle costs. The book describes cost control systems and shows how to apply the principles of value engineering. It explains estimating methodology and the estimation of engineering, engineering equipment, and construction and labour costs; delineates productivity and cash-flow analysis; and more.</subfield></datafield><datafield ind1=' ' ind2=' ' tag='546'><subfield code='a'>English</subfield></datafield><datafield ind1=' ' ind2=' ' tag='504'><subfield code='a'>Includes bibliographical references and index.</subfield></datafield><datafield ind1=' ' ind2='0' tag='650'><subfield code='a'>Engineering</subfield><subfield code='x'>Estimates</subfield><subfield code='v'>Handbooks, manuals, etc.</subfield></datafield><datafield ind1=' ' ind2='0' tag='650'><subfield code='a'>Engineering economy</subfield><subfield code='v'>Handbooks, manuals, etc.</subfield></datafield><datafield ind1=' ' ind2='4' tag='655'><subfield code='a'>Electronic books.</subfield></datafield><datafield ind1=' ' ind2=' ' tag='776'><subfield code='z'>0-8247-9796-5</subfield></datafield><datafield ind1=' ' ind2=' ' tag='776'><subfield code='z'>0-585-15793-6</subfield></datafield><datafield ind1='1' ind2=' ' tag='700'><subfield code='a'>Westney, Richard E.,</subfield><subfield code='d'>1944-</subfield></datafield><datafield ind1=' ' ind2=' ' tag='906'><subfield code='a'>BOOK</subfield></datafield><datafield ind1=' ' ind2=' ' tag='PRT'><subfield code='a'>53354548910003811</subfield><subfield code='b'>https://sandbox01-na.alma.exlibrisgroup.com/view/uresolver/01TULI_INST/openurl?u.ignore_date_coverage=true&amp;rft.mms_id=991036740287203811</subfield><subfield code='e'>CRC_NETBASE</subfield><subfield code='c'>CivilEngineeringnetBASE</subfield><subfield code='h'>611000000000001876</subfield><subfield code='8'>53354548910003811</subfield></datafield><datafield ind1=' ' ind2=' ' tag='PRT'><subfield code='a'>53353591920003811</subfield><subfield code='b'>https://sandbox01-na.alma.exlibrisgroup.com/view/uresolver/01TULI_INST/openurl?u.ignore_date_coverage=true&amp;rft.mms_id=991036740287203811</subfield><subfield code='e'>CRC_NETBASE</subfield><subfield code='c'>ENGnetBASE</subfield><subfield code='h'>61111082146981000</subfield><subfield code='8'>53353591920003811</subfield></datafield><datafield ind1=' ' ind2=' ' tag='PRT'><subfield code='a'>53420316570003811</subfield><subfield code='b'>https://sandbox01-na.alma.exlibrisgroup.com/view/uresolver/01TULI_INST/openurl?u.ignore_date_coverage=true&amp;rft.mms_id=991036740287203811</subfield><subfield code='e'>Ebook Central</subfield><subfield code='c'>Ebook Central Academic Complete</subfield><subfield code='h'>614200000000000002</subfield><subfield code='8'>53420316570003811</subfield></datafield></record>