
<record xmlns='http://www.loc.gov/MARC21/slim'><leader>00949nam  2200265Ia 4500</leader><controlfield tag='001'>991036855459303811</controlfield><controlfield tag='005'>20170815104451.0</controlfield><controlfield tag='006'>m     o  d |      </controlfield><controlfield tag='007'>cr -n---------</controlfield><controlfield tag='008'>000502s2013    dcua    ob    000 0 eng d</controlfield><datafield ind1=' ' ind2=' ' tag='020'><subfield code='a'>1-4755-9553-0</subfield></datafield><datafield ind1=' ' ind2=' ' tag='020'><subfield code='a'>1-4755-9077-6</subfield></datafield><datafield ind1=' ' ind2=' ' tag='020'><subfield code='a'>1-299-26502-2</subfield></datafield><datafield ind1=' ' ind2=' ' tag='020'><subfield code='a'>1-4755-9581-6</subfield></datafield><datafield ind1=' ' ind2=' ' tag='035'><subfield code='a'>(CKB)2560000000098871</subfield></datafield><datafield ind1=' ' ind2=' ' tag='035'><subfield code='a'>(EBL)1607160</subfield></datafield><datafield ind1=' ' ind2=' ' tag='035'><subfield code='a'>(SSID)ssj0001103445</subfield></datafield><datafield ind1=' ' ind2=' ' tag='035'><subfield code='a'>(PQKBManifestationID)11634690</subfield></datafield><datafield ind1=' ' ind2=' ' tag='035'><subfield code='a'>(PQKBTitleCode)TC0001103445</subfield></datafield><datafield ind1=' ' ind2=' ' tag='035'><subfield code='a'>(PQKBWorkID)11087953</subfield></datafield><datafield ind1=' ' ind2=' ' tag='035'><subfield code='a'>(PQKB)11358961</subfield></datafield><datafield ind1=' ' ind2=' ' tag='035'><subfield code='a'>(MiAaPQ)EBC1607160</subfield></datafield><datafield ind1=' ' ind2=' ' tag='035'><subfield code='a'>(EXLCZ)992560000000098871</subfield></datafield><datafield ind1=' ' ind2=' ' tag='040'><subfield code='a'>MiAaPQ</subfield><subfield code='c'>MiAaPQ</subfield><subfield code='d'>MiAaPQ</subfield></datafield><datafield ind1=' ' ind2=' ' tag='041'><subfield code='a'>eng</subfield></datafield><datafield ind1=' ' ind2='4' tag='050'><subfield code='a'>HC392</subfield><subfield code='b'>.P67 2013</subfield></datafield><datafield ind1='1' ind2=' ' tag='100'><subfield code='a'>European Dept., International Monetary Fund.</subfield></datafield><datafield ind1=' ' ind2=' ' tag='110'><subfield code='a'>International Monetary Fund</subfield><subfield code='e'>Corporate Author</subfield></datafield><datafield ind1='0' ind2='0' tag='245'><subfield code='a'>Portugal</subfield><subfield code='h'>[electronic resource] :</subfield><subfield code='b'>selected issues paper.</subfield></datafield><datafield ind1=' ' ind2=' ' tag='260'><subfield code='a'>Washington, D.C. :</subfield><subfield code='b'>International Monetary Fund,</subfield><subfield code='c'>2013.</subfield></datafield><datafield ind1=' ' ind2=' ' tag='300'><subfield code='a'>1 online resource (104 p.)</subfield></datafield><datafield ind1=' ' ind2=' ' tag='336'><subfield code='a'>text</subfield><subfield code='b'>txt</subfield></datafield><datafield ind1=' ' ind2=' ' tag='337'><subfield code='a'>computer</subfield><subfield code='b'>c</subfield></datafield><datafield ind1=' ' ind2=' ' tag='338'><subfield code='a'>online resource</subfield><subfield code='b'>cr</subfield></datafield><datafield ind1='0' ind2=' ' tag='490'><subfield code='a'>IMF country report ;</subfield><subfield code='v'>no. 13/19</subfield></datafield><datafield ind1=' ' ind2=' ' tag='500'><subfield code='a'>Description based upon print version of record.</subfield></datafield><datafield ind1='0' ind2=' ' tag='505'><subfield code='a'>Cover; Contents; I. How Fast Can Portugal Grow?; A. Introduction; B. Stylized Facts on Portugal&apos;s Growth and Convergence; Boxes; I-1. Growth Accounting and Best-Practice Production Frontier Frameworks; C. Taking Stock-Where Does Portugal Stand in 2012?; I-2. Potential Output and Output Gap; D. Prospect for Medium- to Long-Term Growth: Potential Gains from Structural Reforms; I-3. Four Scenarios for the Steady State; E. Conclusion; Tables; I-1. Portugal: Labor and Product Markets Since 2011; I-2. Selected Studies on the Impact of Labor and Product Market Reforms; Figures</subfield></datafield><datafield ind1='8' ind2=' ' tag='505'><subfield code='a'>I-1: Contributions to Relative Labor ProductivityI-2. Relative Labor Productivity - Key Sectors; I-3. Contribution to Growth - Key Sectors; I-4. Contribution to Growth - Demand Side; I-5. Four Scenarios Under Structural Reforms; I-6. Baseline: Potential Output-Capital and TFP; References; II. Portugal&apos;s Competitiveness; A. How Did Competitiveness Get Out of Line?; B. Crisis and External Adjustment; C. Episodes of Internal Devaluation; D. Assessment; II-1 External Adjustment Episodes Under Rigid Nominal Exchange Rates; II-1A. Internal Devaluation Episodes: Sustained Declines in Relative Prices</subfield></datafield><datafield ind1='8' ind2=' ' tag='505'><subfield code='a'>II-1B. Internal Devaluation: Limited Relative Price AdjustmentII-2. Cost- and Price-Competitiveness: Alternative REER Measure; II-3. Cumulative Current Account Adjustment; References; III. Portugal&apos;s Corporate (De) Leveraging; A. Introduction; B. Diagnostics of Corporate Vulnerabilities and Risks in Portugal; C. Macro-Financial Implications of Corporate Deleveraging; III-1. Bank and Corporate Deleveraging; D. Key Lessons and Policy Recommendations for Portugal; Appendix I. Portuguese Firms&apos; Leveraging Process in the Run-up to the Crisis</subfield></datafield><datafield ind1='8' ind2=' ' tag='505'><subfield code='a'>III-1. Portugal: Leverage of Nonfinancial Corporations, 1997-2011III-1. Corporate Vulnerability Indicators; III-2. Evolution of Firms&apos; Capacity to Repay Indicators, 1991-2011; III-3. Corporate Vulnerability Indicators By Firm Size, 2011; III-4. Contingent Claims Analysis; III-5. Corporate Balance Sheet Adjustment in Past Crisis Episodes; III-6. Macro-Economic Developments in Past Crisis Episodes; References; IV. Growth-Friendly, Equitable, and Sustainable Fiscal Reform in Portugal; A. The Scale of the Challenge; B. Towards A More Efficient and Better Targeted Expenditure Profile</subfield></datafield><datafield ind1='8' ind2=' ' tag='505'><subfield code='a'>C. Designing a Growth-Oriented Tax PolicyD. Conclusions; Appendix I. General Government Fiscal Accounts; Appendix II. Expenditure Outcomes; References</subfield></datafield><datafield ind1=' ' ind2=' ' tag='520'><subfield code='a'>Portugal: Selected Issues Paper</subfield></datafield><datafield ind1=' ' ind2=' ' tag='546'><subfield code='a'>English</subfield></datafield><datafield ind1=' ' ind2=' ' tag='504'><subfield code='a'>Includes bibliographical references.</subfield></datafield><datafield ind1=' ' ind2='0' tag='650'><subfield code='a'>Monetary policy</subfield><subfield code='z'>Portugal.</subfield></datafield><datafield ind1=' ' ind2='4' tag='655'><subfield code='a'>Electronic books.</subfield></datafield><datafield ind1=' ' ind2='0' tag='651'><subfield code='a'>Portugal</subfield><subfield code='x'>Economic conditions.</subfield></datafield><datafield ind1=' ' ind2=' ' tag='700'><subfield code='a'>International Monetary Fund</subfield><subfield code='e'>Contributor</subfield></datafield><datafield ind1=' ' ind2=' ' tag='776'><subfield code='z'>1-4755-8949-2</subfield></datafield><datafield ind1='2' ind2=' ' tag='710'><subfield code='a'>International Monetary Fund.</subfield></datafield><datafield ind1=' ' ind2='0' tag='830'><subfield code='a'>IMF Staff Country Reports</subfield></datafield><datafield ind1=' ' ind2=' ' tag='906'><subfield code='a'>BOOK</subfield></datafield><datafield ind1=' ' ind2=' ' tag='ADM'><subfield code='b'>2017-12-18 19:56:58</subfield><subfield code='e'>(CKB)2560000000098871</subfield><subfield code='d'>EBC</subfield><subfield code='a'>2013-03-16 19:04:42</subfield><subfield code='c'>false</subfield></datafield><datafield ind1=' ' ind2=' ' tag='PRT'><subfield code='a'>53405993740003811</subfield><subfield code='b'>https://sandbox01-na.alma.exlibrisgroup.com/view/uresolver/01TULI_INST/openurl?u.ignore_date_coverage=true&amp;rft.mms_id=991036855459303811</subfield><subfield code='e'>EBSCOhost</subfield><subfield code='9'>Available</subfield><subfield code='c'>eBook Business Collection</subfield><subfield code='h'>613790000000001579</subfield><subfield code='8'>53405993740003811</subfield></datafield></record>