
<record xmlns='http://www.loc.gov/MARC21/slim'><leader>03569cam a2200637 i 4500</leader><controlfield tag='005'>20180315123858.0</controlfield><controlfield tag='008'>160304t20162016mdua     b    001 0 eng  </controlfield><controlfield tag='001'>991028102969703811</controlfield><datafield ind1=' ' ind2=' ' tag='010'><subfield code='a'>2015051184</subfield></datafield><datafield ind1=' ' ind2=' ' tag='020'><subfield code='a'>9781421420769</subfield><subfield code='q'>hardcover ;</subfield><subfield code='q'>alkaline paper</subfield></datafield><datafield ind1=' ' ind2=' ' tag='020'><subfield code='z'>9781421420776</subfield><subfield code='q'>electronic book</subfield></datafield><datafield ind1=' ' ind2=' ' tag='020'><subfield code='a'>1421420767</subfield><subfield code='q'>hardcover ;</subfield><subfield code='q'>alkaline paper</subfield></datafield><datafield ind1=' ' ind2=' ' tag='020'><subfield code='z'>1421420775</subfield><subfield code='q'>electronic book</subfield></datafield><datafield ind1=' ' ind2=' ' tag='035'><subfield code='a'>(PPT)b63438938-01tuli_inst</subfield></datafield><datafield ind1=' ' ind2=' ' tag='035'><subfield code='a'>(OCoLC)945121150</subfield></datafield><datafield ind1=' ' ind2=' ' tag='035'><subfield code='a'>ocn945121150</subfield></datafield><datafield ind1=' ' ind2=' ' tag='035'><subfield code='a'>(OCLC)ocn945121150</subfield></datafield><datafield ind1=' ' ind2=' ' tag='040'><subfield code='a'>DLC</subfield><subfield code='b'>eng</subfield><subfield code='e'>rda</subfield><subfield code='c'>DLC</subfield><subfield code='d'>OCLCO</subfield><subfield code='d'>YDXCP</subfield><subfield code='d'>BTCTA</subfield><subfield code='d'>OCLCF</subfield><subfield code='d'>OCLCO</subfield><subfield code='d'>OCLCQ</subfield><subfield code='d'>BDX</subfield><subfield code='d'>ERASA</subfield><subfield code='d'>YDX</subfield></datafield><datafield ind1=' ' ind2=' ' tag='042'><subfield code='a'>pcc</subfield></datafield><datafield ind1=' ' ind2=' ' tag='043'><subfield code='a'>e-uk-en</subfield></datafield><datafield ind1=' ' ind2=' ' tag='079'><subfield code='a'>ocn945121150</subfield></datafield><datafield ind1=' ' ind2=' ' tag='090'><subfield code='a'>PR468.S34</subfield><subfield code='b'>G75 2016</subfield></datafield><datafield ind1='1' ind2=' ' tag='100'><subfield code='a'>Griffiths, Devin,</subfield><subfield code='d'>1978-</subfield><subfield code='e'>author.</subfield></datafield><datafield ind1='1' ind2='4' tag='245'><subfield code='a'>The age of analogy :</subfield><subfield code='b'>science and literature between the Darwins /</subfield><subfield code='c'>Devin Griffiths.</subfield></datafield><datafield ind1=' ' ind2='1' tag='264'><subfield code='a'>Baltimore :</subfield><subfield code='b'>Johns Hopkins University Press,</subfield><subfield code='c'>2016.</subfield></datafield><datafield ind1=' ' ind2='4' tag='264'><subfield code='c'>©2016</subfield></datafield><datafield ind1=' ' ind2=' ' tag='300'><subfield code='a'>x, 339 pages ;</subfield><subfield code='c'>24 cm</subfield></datafield><datafield ind1=' ' ind2=' ' tag='336'><subfield code='a'>text</subfield><subfield code='b'>txt</subfield><subfield code='2'>rdacontent</subfield></datafield><datafield ind1=' ' ind2=' ' tag='337'><subfield code='a'>unmediated</subfield><subfield code='b'>n</subfield><subfield code='2'>rdamedia</subfield></datafield><datafield ind1=' ' ind2=' ' tag='338'><subfield code='a'>volume</subfield><subfield code='b'>nc</subfield><subfield code='2'>rdacarrier</subfield></datafield><datafield ind1=' ' ind2=' ' tag='504'><subfield code='a'>Includes bibliographical references and index.</subfield></datafield><datafield ind1='8' ind2=' ' tag='520'><subfield code='a'>Erasmus Darwin and his grandson, Charles, were the two most important evolutionary theorists of eighteenth- and nineteenth-century Britain. Although their ideas and methods differed, both Darwins were prolific and inventive writers: Erasmus composed several epic poems and scientific treatises, while Charles is renowned both for his collected journals (now titled The Voyage of the Beagle) and for his masterpiece, The Origin of Species. In The Age of Analogy, Devin Griffiths argues that the Darwins&apos; writing style was profoundly influenced by the poets, novelists, and historians of their era. The Darwins, like other scientists of the time, labored to refashion contemporary literary models into a new mode of narrative analysis that could address the contingent world disclosed by contemporary natural science. By employing vivid language and experimenting with a variety of different genres, these writers gave rise to a new relational study of antiquity, or &quot;comparative historicism,&quot; that emerged outside of traditional histories.</subfield></datafield><datafield ind1='1' ind2='0' tag='600'><subfield code='a'>Darwin, Charles,</subfield><subfield code='d'>1809-1882</subfield><subfield code='x'>Criticism and interpretation.</subfield></datafield><datafield ind1='1' ind2='0' tag='600'><subfield code='a'>Darwin, Erasmus,</subfield><subfield code='d'>1731-1802</subfield><subfield code='x'>Knowledge</subfield><subfield code='x'>Natural history.</subfield></datafield><datafield ind1='1' ind2='0' tag='600'><subfield code='a'>Darwin, Erasmus,</subfield><subfield code='d'>1731-1802</subfield><subfield code='x'>Influence.</subfield></datafield><datafield ind1='1' ind2='7' tag='600'><subfield code='a'>Darwin, Charles,</subfield><subfield code='d'>1809-1882.</subfield><subfield code='2'>fast</subfield><subfield code='0'>(OCoLC)fst00029136</subfield></datafield><datafield ind1='1' ind2='7' tag='600'><subfield code='a'>Darwin, Erasmus,</subfield><subfield code='d'>1731-1802.</subfield><subfield code='2'>fast</subfield><subfield code='0'>(OCoLC)fst00012942</subfield></datafield><datafield ind1=' ' ind2='7' tag='648'><subfield code='a'>1800-1899</subfield><subfield code='2'>fast</subfield></datafield><datafield ind1=' ' ind2='0' tag='650'><subfield code='a'>Literature and science</subfield><subfield code='z'>England</subfield><subfield code='x'>History</subfield><subfield code='y'>19th century.</subfield></datafield><datafield ind1=' ' ind2='0' tag='650'><subfield code='a'>English literature</subfield><subfield code='y'>19th century</subfield><subfield code='x'>History and criticism.</subfield></datafield><datafield ind1=' ' ind2='0' tag='650'><subfield code='a'>Science in literature.</subfield></datafield><datafield ind1=' ' ind2='0' tag='650'><subfield code='a'>Nature in literature.</subfield></datafield><datafield ind1=' ' ind2='7' tag='650'><subfield code='a'>English literature.</subfield><subfield code='2'>fast</subfield><subfield code='0'>(OCoLC)fst00911989</subfield></datafield><datafield ind1=' ' ind2='7' tag='650'><subfield code='a'>Influence (Literary, artistic, etc.)</subfield><subfield code='2'>fast</subfield><subfield code='0'>(OCoLC)fst00972484</subfield></datafield><datafield ind1=' ' ind2='7' tag='650'><subfield code='a'>Literature and science.</subfield><subfield code='2'>fast</subfield><subfield code='0'>(OCoLC)fst01000093</subfield></datafield><datafield ind1=' ' ind2='7' tag='650'><subfield code='a'>Natural history.</subfield><subfield code='2'>fast</subfield><subfield code='0'>(OCoLC)fst01034268</subfield></datafield><datafield ind1=' ' ind2='7' tag='650'><subfield code='a'>Nature in literature.</subfield><subfield code='2'>fast</subfield><subfield code='0'>(OCoLC)fst01034680</subfield></datafield><datafield ind1=' ' ind2='7' tag='650'><subfield code='a'>Science in literature.</subfield><subfield code='2'>fast</subfield><subfield code='0'>(OCoLC)fst01108731</subfield></datafield><datafield ind1=' ' ind2='7' tag='651'><subfield code='a'>England.</subfield><subfield code='2'>fast</subfield><subfield code='0'>(OCoLC)fst01219920</subfield></datafield><datafield ind1=' ' ind2='7' tag='655'><subfield code='a'>Criticism, interpretation, etc.</subfield><subfield code='2'>fast</subfield><subfield code='0'>(OCoLC)fst01411635</subfield></datafield><datafield ind1=' ' ind2='7' tag='655'><subfield code='a'>History.</subfield><subfield code='2'>fast</subfield><subfield code='0'>(OCoLC)fst01411628</subfield></datafield><datafield ind1=' ' ind2=' ' tag='907'><subfield code='a'>.b63438938</subfield><subfield code='b'>p    </subfield><subfield code='c'>-</subfield></datafield><datafield ind1=' ' ind2=' ' tag='945'><subfield code='l'>pstk </subfield><subfield code='g'>1</subfield></datafield><datafield ind1=' ' ind2=' ' tag='979'><subfield code='a'>ocn945121150</subfield></datafield><datafield ind1=' ' ind2=' ' tag='998'><subfield code='b'>1</subfield><subfield code='c'>161108</subfield><subfield code='d'>m</subfield><subfield code='e'>a</subfield><subfield code='f'>-</subfield><subfield code='g'>4</subfield></datafield><datafield ind1=' ' ind2=' ' tag='998'><subfield code='b'>1</subfield><subfield code='c'>161108</subfield><subfield code='d'>m</subfield><subfield code='e'>a</subfield><subfield code='f'>-</subfield><subfield code='g'>4</subfield></datafield><datafield ind1=' ' ind2=' ' tag='ADM'><subfield code='b'>2018-03-15 16:38:58</subfield><subfield code='e'>b63438938-01tuli_inst</subfield><subfield code='d'>ILS</subfield><subfield code='a'>2017-06-20 10:09:34</subfield><subfield code='c'>false</subfield></datafield><datafield ind1='0' ind2=' ' tag='HLD'><subfield code='b'>MAIN</subfield><subfield code='c'>stacks</subfield><subfield code='h'>PR468.S34</subfield><subfield code='i'>G75 2016</subfield><subfield code='8'>22300405030003811</subfield></datafield><datafield ind1=' ' ind2=' ' tag='ITM'><subfield code='r'>22300405030003811</subfield><subfield code='b'>0</subfield><subfield code='u'>LOAN</subfield><subfield code='h'>0</subfield><subfield code='g'>stacks</subfield><subfield code='t'>BOOK</subfield><subfield code='9'>39074030159610</subfield><subfield code='e'>stacks</subfield><subfield code='8'>23300405020003811</subfield><subfield code='a'>0</subfield><subfield code='q'>2017-06-20 10:09:34</subfield><subfield code='i'>PR468.S34 G75 2016</subfield><subfield code='d'>MAIN</subfield><subfield code='f'>MAIN</subfield></datafield></record>