
<record xmlns='http://www.loc.gov/MARC21/slim'><leader>01899nam  2200397 i 4500</leader><controlfield tag='001'>991036864185603811</controlfield><controlfield tag='005'>20150525011020.0</controlfield><controlfield tag='006'>m     o  d |      </controlfield><controlfield tag='007'>cr -n---------</controlfield><controlfield tag='008'>150530t20152015pauab   o     001 0 eng d</controlfield><datafield ind1=' ' ind2=' ' tag='020'><subfield code='a'>1-4399-1207-6</subfield></datafield><datafield ind1=' ' ind2=' ' tag='020'><subfield code='a'>1-4399-1205-X</subfield></datafield><datafield ind1=' ' ind2=' ' tag='035'><subfield code='a'>(CKB)2670000000617159</subfield></datafield><datafield ind1=' ' ind2=' ' tag='035'><subfield code='a'>(EBL)2051690</subfield></datafield><datafield ind1=' ' ind2=' ' tag='035'><subfield code='a'>(OCoLC)909265257</subfield></datafield><datafield ind1=' ' ind2=' ' tag='035'><subfield code='a'>(SSID)ssj0001482430</subfield></datafield><datafield ind1=' ' ind2=' ' tag='035'><subfield code='a'>(PQKBManifestationID)11927113</subfield></datafield><datafield ind1=' ' ind2=' ' tag='035'><subfield code='a'>(PQKBTitleCode)TC0001482430</subfield></datafield><datafield ind1=' ' ind2=' ' tag='035'><subfield code='a'>(PQKBWorkID)11412413</subfield></datafield><datafield ind1=' ' ind2=' ' tag='035'><subfield code='a'>(PQKB)11473780</subfield></datafield><datafield ind1=' ' ind2=' ' tag='035'><subfield code='a'>(MiAaPQ)EBC2051690</subfield></datafield><datafield ind1=' ' ind2=' ' tag='035'><subfield code='a'>(EXLCZ)992670000000617159</subfield></datafield><datafield ind1=' ' ind2=' ' tag='040'><subfield code='a'>MiAaPQ</subfield><subfield code='b'>eng</subfield><subfield code='e'>rda</subfield><subfield code='e'>pn</subfield><subfield code='c'>MiAaPQ</subfield><subfield code='d'>MiAaPQ</subfield></datafield><datafield ind1=' ' ind2=' ' tag='041'><subfield code='a'>eng</subfield></datafield><datafield ind1=' ' ind2=' ' tag='043'><subfield code='a'>n-us---</subfield></datafield><datafield ind1=' ' ind2='4' tag='050'><subfield code='a'>HD7287.72.U6</subfield><subfield code='b'>.S99 2015</subfield></datafield><datafield ind1='0' ind2='0' tag='082'><subfield code='a'>334/.1097309043</subfield></datafield><datafield ind1='1' ind2=' ' tag='100'><subfield code='a'>Szylvian, Kristin M.,</subfield><subfield code='e'>author.</subfield></datafield><datafield ind1='1' ind2='4' tag='245'><subfield code='a'>The mutual housing experiment :</subfield><subfield code='b'>New Deal communities for the urban middle class /</subfield><subfield code='c'>Kristin M. Szylvian.</subfield></datafield><datafield ind1=' ' ind2='1' tag='264'><subfield code='a'>Philadelphia, Pennsylvania ;</subfield><subfield code='a'>Rome, [Italy] ;</subfield><subfield code='a'>Tokyo, [Japan] :</subfield><subfield code='b'>Temple University Press,</subfield><subfield code='c'>2015.</subfield></datafield><datafield ind1=' ' ind2='4' tag='264'><subfield code='c'>©2015</subfield></datafield><datafield ind1=' ' ind2=' ' tag='300'><subfield code='a'>1 online resource (294 p.)</subfield></datafield><datafield ind1=' ' ind2=' ' tag='336'><subfield code='a'>text</subfield><subfield code='b'>txt</subfield></datafield><datafield ind1=' ' ind2=' ' tag='337'><subfield code='a'>computer</subfield><subfield code='b'>c</subfield></datafield><datafield ind1=' ' ind2=' ' tag='338'><subfield code='a'>online resource</subfield><subfield code='b'>cr</subfield></datafield><datafield ind1='1' ind2=' ' tag='490'><subfield code='a'>Urban Life, Landscape, and Policy</subfield></datafield><datafield ind1=' ' ind2=' ' tag='500'><subfield code='a'>Description based upon print version of record.</subfield></datafield><datafield ind1='0' ind2=' ' tag='505'><subfield code='a'>Contents; Acknowledgments; List of Acronyms and Abbreviations; Introduction; 1. The New Deal Origins of Mutual Housing; 2. Mutual Housing: &quot;Contingency-Proof&quot; Home Ownership for Labor; 3. Mutually Compatible? Mutual Housing and Modern Architecture; 4. Mutual Housing Offers a &quot;New Day in Housing&quot;; 5. The Mutual Plan&apos;s &quot;Arrested&quot; Development; 6. No Fair Deal for Mutual Housing; 7. Mutual Housing: &quot;America&apos;s New Housing Economy&quot;?; Epilogue; Appendix; Note on Sources; Notes; Index</subfield></datafield><datafield ind1=' ' ind2=' ' tag='520'><subfield code='a'>In 1940, the U.S. Federal Works Agency created an experimental housing program for industrial workers. Eight model communities were leased and later sold to the residents, who formed a non-profit corporation called a mutual housing association. Further development of housing under the mutual housing plan was stymied by controversies around radical politics and race, and questions over whether the federal government should be involved in housing policy.In The Mutual Housing Experiment, Kristin Szylvian examines 32 mutual housing associations that are still in existence today, and offers strong </subfield></datafield><datafield ind1=' ' ind2=' ' tag='546'><subfield code='a'>English</subfield></datafield><datafield ind1=' ' ind2=' ' tag='588'><subfield code='a'>Description based on print version record.</subfield></datafield><datafield ind1=' ' ind2='0' tag='650'><subfield code='a'>Housing, Cooperative</subfield><subfield code='z'>United States</subfield><subfield code='x'>History</subfield><subfield code='y'>20th century.</subfield></datafield><datafield ind1=' ' ind2='0' tag='650'><subfield code='a'>Housing policy</subfield><subfield code='z'>United States</subfield><subfield code='x'>History</subfield><subfield code='y'>20th century.</subfield></datafield><datafield ind1=' ' ind2='0' tag='650'><subfield code='a'>Urban policy</subfield><subfield code='z'>United States</subfield><subfield code='x'>History</subfield><subfield code='y'>20th century.</subfield></datafield><datafield ind1=' ' ind2='0' tag='650'><subfield code='a'>Community development</subfield><subfield code='z'>United States</subfield><subfield code='x'>History</subfield><subfield code='y'>20th century.</subfield></datafield><datafield ind1=' ' ind2='4' tag='655'><subfield code='a'>Electronic books.</subfield></datafield><datafield ind1='0' ind2='8' tag='776'><subfield code='i'>Print version:</subfield><subfield code='a'>Szylvian, Kristin M.</subfield><subfield code='t'>Mutual housing experiment : New Deal communities for the urban middle class.</subfield><subfield code='d'>Philadelphia, Pennsylvania ; Rome, [Italy] ; Tokyo, [Japan] : Temple University Press, c2015 </subfield><subfield code='h'>ix, 276 pages </subfield><subfield code='k'>Urban life, landscape, and policy.</subfield><subfield code='z'>9781439912058 </subfield><subfield code='w'>2014047599</subfield></datafield><datafield ind1=' ' ind2='0' tag='830'><subfield code='a'>Urban life, landscape, and policy.</subfield></datafield><datafield ind1=' ' ind2=' ' tag='906'><subfield code='a'>BOOK</subfield></datafield><datafield ind1=' ' ind2=' ' tag='ADM'><subfield code='b'>2018-01-23 21:25:27</subfield><subfield code='e'>(CKB)2670000000617159</subfield><subfield code='d'>EBC</subfield><subfield code='a'>2015-05-12 07:46:37</subfield><subfield code='c'>false</subfield></datafield><datafield ind1=' ' ind2=' ' tag='PRT'><subfield code='a'>53408830520003811</subfield><subfield code='b'>https://sandbox01-na.alma.exlibrisgroup.com/view/uresolver/01TULI_INST/openurl?u.ignore_date_coverage=true&amp;rft.mms_id=991036864185603811</subfield><subfield code='e'>JSTOR</subfield><subfield code='9'>Available</subfield><subfield code='c'>JSTOR Books EBA Pilot</subfield><subfield code='h'>613810000000000259</subfield><subfield code='8'>53408830520003811</subfield></datafield></record>