
<record xmlns='http://www.loc.gov/MARC21/slim'><leader>02137nam  2200313 a 4500</leader><controlfield tag='001'>991036731487303811</controlfield><controlfield tag='005'>20170816123320.0</controlfield><controlfield tag='006'>m     o  d |      </controlfield><controlfield tag='007'>cr -n---------</controlfield><controlfield tag='008'>120120s2012    nju     ob    001 0 eng d</controlfield><datafield ind1=' ' ind2=' ' tag='010'><subfield code='z'>  2011053393</subfield></datafield><datafield ind1=' ' ind2=' ' tag='020'><subfield code='a'>1-283-53997-7</subfield></datafield><datafield ind1=' ' ind2=' ' tag='020'><subfield code='a'>9786613852427</subfield></datafield><datafield ind1=' ' ind2=' ' tag='020'><subfield code='a'>1-4008-4550-5</subfield></datafield><datafield ind1=' ' ind2=' ' tag='035'><subfield code='a'>(CKB)2550000000105113</subfield></datafield><datafield ind1=' ' ind2=' ' tag='035'><subfield code='a'>(EBL)967435</subfield></datafield><datafield ind1=' ' ind2=' ' tag='035'><subfield code='a'>(OCoLC)808346267</subfield></datafield><datafield ind1=' ' ind2=' ' tag='035'><subfield code='a'>(SSID)ssj0000738607</subfield></datafield><datafield ind1=' ' ind2=' ' tag='035'><subfield code='a'>(PQKBManifestationID)11478377</subfield></datafield><datafield ind1=' ' ind2=' ' tag='035'><subfield code='a'>(PQKBTitleCode)TC0000738607</subfield></datafield><datafield ind1=' ' ind2=' ' tag='035'><subfield code='a'>(PQKBWorkID)10791735</subfield></datafield><datafield ind1=' ' ind2=' ' tag='035'><subfield code='a'>(PQKB)11234237</subfield></datafield><datafield ind1=' ' ind2=' ' tag='035'><subfield code='a'>(MiAaPQ)EBC967435</subfield></datafield><datafield ind1=' ' ind2=' ' tag='035'><subfield code='a'>(StDuBDS)EDZ0000407010</subfield></datafield><datafield ind1=' ' ind2=' ' tag='035'><subfield code='a'>(EXLCZ)992550000000105113</subfield></datafield><datafield ind1=' ' ind2=' ' tag='040'><subfield code='a'>MiAaPQ</subfield><subfield code='c'>MiAaPQ</subfield><subfield code='d'>MiAaPQ</subfield></datafield><datafield ind1=' ' ind2=' ' tag='041'><subfield code='a'>eng</subfield></datafield><datafield ind1=' ' ind2='4' tag='050'><subfield code='a'>JZ1308</subfield><subfield code='b'>.R57 2012</subfield></datafield><datafield ind1='0' ind2='0' tag='082'><subfield code='a'>340.114</subfield><subfield code='a'>340.115</subfield></datafield><datafield ind1='1' ind2=' ' tag='100'><subfield code='a'>Risse, Mathias,</subfield><subfield code='d'>1970-</subfield></datafield><datafield ind1='1' ind2='0' tag='245'><subfield code='a'>On global justice</subfield><subfield code='h'>[electronic resource] /</subfield><subfield code='c'>Mathias Risse.</subfield></datafield><datafield ind1=' ' ind2='1' tag='264'><subfield code='a'>Princeton :</subfield><subfield code='b'>Princeton University Press,</subfield><subfield code='c'>2017.</subfield></datafield><datafield ind1=' ' ind2=' ' tag='300'><subfield code='a'>1 online resource (480 p.)</subfield></datafield><datafield ind1=' ' ind2=' ' tag='336'><subfield code='a'>text</subfield><subfield code='b'>txt</subfield></datafield><datafield ind1=' ' ind2=' ' tag='337'><subfield code='a'>computer</subfield><subfield code='b'>c</subfield></datafield><datafield ind1=' ' ind2=' ' tag='338'><subfield code='a'>online resource</subfield><subfield code='b'>cr</subfield></datafield><datafield ind1=' ' ind2=' ' tag='500'><subfield code='a'>Description based upon print version of record.</subfield></datafield><datafield ind1=' ' ind2=' ' tag='520'><subfield code='a'> Debates about global justice have traditionally fallen into two camps. Statists believe that principles of justice can only be held among those who share a state. Those who fall outside this realm are merely owed charity. Cosmopolitans, on the other hand, believe that justice applies equally among all human beings. On Global Justice shifts the terms of this debate and shows how both views are unsatisfactory. Stressing humanity&apos;s collective ownership of the earth, Mathias Risse offers a new theory of global distributive justice--what he calls pluralist internationalism--where i</subfield></datafield><datafield ind1=' ' ind2=' ' tag='546'><subfield code='a'>English</subfield></datafield><datafield ind1='0' ind2=' ' tag='505'><subfield code='a'>The grounds of justice -- &quot;Un pouvoir ordinaire&quot;: shared membership in a state as a ground of -- Justice -- Internationalism versus statism and globalism: contemporary debates -- What follows from our common humanity? : the institutional stance, human rights, and nonrelationism -- Hugo Grotius revisited : collective ownership of the Earth and global public reason -- &quot;Our sole habitation&quot; : a contemporary approach to collective ownership of the earth -- Toward a contingent derivation of human rights -- Proportionate use : immigration and original ownership of the Earth -- &quot;But the earth abideth for ever&quot; : obligations to future generations -- Climate change and ownership of the atmosphere -- Human rights as membership rights in the global order -- Arguing for human rights : essential pharmaceuticals -- Arguing for human rights : labor rights as human rights -- Justice and trade -- The way we live now -- &quot;Imagine there&apos;s no countries&quot; : a reply to John Lennon -- Justice and accountability : the state -- Justice and accountability : the World Trade Organization.</subfield></datafield><datafield ind1=' ' ind2=' ' tag='504'><subfield code='a'>Includes bibliographical references and index.</subfield></datafield><datafield ind1=' ' ind2=' ' tag='521'><subfield code='a'>Specialized.</subfield></datafield><datafield ind1=' ' ind2=' ' tag='588'><subfield code='a'>Description based on online resource; title from home page (viewed on September 1, 2017).</subfield></datafield><datafield ind1=' ' ind2='0' tag='650'><subfield code='a'>Internationalism.</subfield></datafield><datafield ind1=' ' ind2='0' tag='650'><subfield code='a'>Distributive justice.</subfield></datafield><datafield ind1=' ' ind2='0' tag='650'><subfield code='a'>Human rights.</subfield></datafield><datafield ind1=' ' ind2='4' tag='655'><subfield code='a'>Electronic books.</subfield></datafield><datafield ind1=' ' ind2=' ' tag='776'><subfield code='z'>0-691-16668-4</subfield></datafield><datafield ind1=' ' ind2=' ' tag='776'><subfield code='z'>0-691-14269-6</subfield></datafield><datafield ind1=' ' ind2=' ' tag='906'><subfield code='a'>BOOK</subfield></datafield><datafield ind1=' ' ind2=' ' tag='PRT'><subfield code='a'>53391963240003811</subfield><subfield code='b'>https://sandbox01-na.alma.exlibrisgroup.com/view/uresolver/01TULI_INST/openurl?u.ignore_date_coverage=true&amp;rft.mms_id=991036731487303811</subfield><subfield code='e'>EBSCOhost</subfield><subfield code='c'>EBSCOhost Academic eBook Collection (North America)</subfield><subfield code='h'>613640000000000029</subfield><subfield code='8'>53391963240003811</subfield></datafield><datafield ind1=' ' ind2=' ' tag='PRT'><subfield code='a'>53424748590003811</subfield><subfield code='b'>https://sandbox01-na.alma.exlibrisgroup.com/view/uresolver/01TULI_INST/openurl?u.ignore_date_coverage=true&amp;rft.mms_id=991036731487303811</subfield><subfield code='e'>Ebook Central</subfield><subfield code='c'>Ebook Central University Press</subfield><subfield code='h'>614330000000000093</subfield><subfield code='8'>53424748590003811</subfield></datafield><datafield ind1=' ' ind2=' ' tag='PRT'><subfield code='a'>53422189710003811</subfield><subfield code='b'>https://sandbox01-na.alma.exlibrisgroup.com/view/uresolver/01TULI_INST/openurl?u.ignore_date_coverage=true&amp;rft.mms_id=991036731487303811</subfield><subfield code='e'>Ebook Central</subfield><subfield code='c'>Ebook Central Academic Complete</subfield><subfield code='h'>614200000000000002</subfield><subfield code='8'>53422189710003811</subfield></datafield><datafield ind1=' ' ind2=' ' tag='PRT'><subfield code='a'>53408867800003811</subfield><subfield code='b'>https://sandbox01-na.alma.exlibrisgroup.com/view/uresolver/01TULI_INST/openurl?u.ignore_date_coverage=true&amp;rft.mms_id=991036731487303811</subfield><subfield code='e'>JSTOR</subfield><subfield code='c'>JSTOR Books EBA Pilot</subfield><subfield code='h'>613810000000000259</subfield><subfield code='8'>53408867800003811</subfield></datafield></record>