
<record xmlns='http://www.loc.gov/MARC21/slim'><leader>03309nam a22006733u 4500</leader><controlfield tag='001'>991036812955603811</controlfield><controlfield tag='005'>20170821194435.0</controlfield><controlfield tag='006'>m        d        </controlfield><controlfield tag='007'>cr -n---------</controlfield><controlfield tag='008'>140707s2012|||||||     s|||||||||||eng|d</controlfield><datafield ind1=' ' ind2=' ' tag='020'><subfield code='a'>1-4696-0661-5</subfield></datafield><datafield ind1=' ' ind2=' ' tag='035'><subfield code='a'>(CKB)2670000000319280</subfield></datafield><datafield ind1=' ' ind2=' ' tag='035'><subfield code='a'>(EBL)934370</subfield></datafield><datafield ind1=' ' ind2=' ' tag='035'><subfield code='a'>(OCoLC)823170571</subfield></datafield><datafield ind1=' ' ind2=' ' tag='035'><subfield code='a'>(SSID)ssj0000873887</subfield></datafield><datafield ind1=' ' ind2=' ' tag='035'><subfield code='a'>(PQKBManifestationID)12428394</subfield></datafield><datafield ind1=' ' ind2=' ' tag='035'><subfield code='a'>(PQKBTitleCode)TC0000873887</subfield></datafield><datafield ind1=' ' ind2=' ' tag='035'><subfield code='a'>(PQKBWorkID)10878306</subfield></datafield><datafield ind1=' ' ind2=' ' tag='035'><subfield code='a'>(PQKB)11196274</subfield></datafield><datafield ind1=' ' ind2=' ' tag='035'><subfield code='a'>(EXLCZ)992670000000319280</subfield></datafield><datafield ind1=' ' ind2=' ' tag='040'><subfield code='a'>AU-PeEL</subfield><subfield code='b'>eng</subfield><subfield code='c'>AU-PeEL</subfield><subfield code='d'>AU-PeEL</subfield></datafield><datafield ind1=' ' ind2=' ' tag='041'><subfield code='a'>eng</subfield></datafield><datafield ind1=' ' ind2='4' tag='050'><subfield code='a'>PS374.E95</subfield></datafield><datafield ind1='0' ind2='0' tag='082'><subfield code='a'>800</subfield></datafield><datafield ind1='1' ind2=' ' tag='100'><subfield code='a'>Entin, Joseph B.</subfield></datafield><datafield ind1='1' ind2='0' tag='245'><subfield code='a'>Sensational Modernism</subfield><subfield code='h'>[electronic resource] :</subfield><subfield code='b'>Experimental Fiction and Photography in Thirties America</subfield></datafield><datafield ind1=' ' ind2=' ' tag='260'><subfield code='a'>Chapel Hill :</subfield><subfield code='b'>The University of North Carolina Press,</subfield><subfield code='c'>2012.</subfield></datafield><datafield ind1=' ' ind2=' ' tag='300'><subfield code='a'>1 online resource (340 p.)</subfield></datafield><datafield ind1=' ' ind2=' ' tag='336'><subfield code='a'>text</subfield><subfield code='b'>txt</subfield></datafield><datafield ind1=' ' ind2=' ' tag='337'><subfield code='a'>computer</subfield><subfield code='b'>c</subfield></datafield><datafield ind1=' ' ind2=' ' tag='338'><subfield code='a'>online resource</subfield><subfield code='b'>cr</subfield></datafield><datafield ind1='1' ind2=' ' tag='490'><subfield code='a'>Cultural Studies of the United States</subfield></datafield><datafield ind1=' ' ind2=' ' tag='500'><subfield code='a'>Description based upon print version of record.</subfield></datafield><datafield ind1='0' ind2=' ' tag='505'><subfield code='a'>Contents; Acknowledgments; INTRODUCTION; 1 SCRUTINY, SENTIMENT, SENSATION: American Modernism and the Bodies of the Dispossessed; 2 SENSATIONAL CONTACT: William Carlos Williams&apos;s Short Fiction and the Bodies of New Immigrants; 3 MODERNIST DOCUMENTARY: Aaron Siskind&apos;s Harlem Document; 4 A PIECE OF THE BODY TORN OUT BY THE ROOTS: James Agee, Tillie Olsen, William Faulkner, and the Contingencies of Working-Class Representation; 5 MONSTROUS MODERNISM: Laboring Bodies, Wounded Workers, and Narrative Heterogeneity in Pietro di Donato&apos;s Christ in Concrete</subfield></datafield><datafield ind1='8' ind2=' ' tag='505'><subfield code='a'>6 NO MAN&apos;S LAND: Richard Wright, Stereotype, and the Racial Politics of Sensational ModernismCONCLUSION: Modernism, Poverty, and the Politics of Seeing; Notes; Index; A; B; C; D; E; F; G; H; I; J; K; L; M; N; O; P; Q; R; S; T; U; V; W; Y; Z</subfield></datafield><datafield ind1=' ' ind2=' ' tag='520'><subfield code='a'>Sensational Modernism: Experimental Fiction and Photography in Thirties America</subfield></datafield><datafield ind1=' ' ind2=' ' tag='546'><subfield code='a'>English</subfield></datafield><datafield ind1=' ' ind2='4' tag='650'><subfield code='a'>American fiction -- 20th century -- History and criticism.</subfield></datafield><datafield ind1=' ' ind2='4' tag='650'><subfield code='a'>Art and literature -- United States -- History -- 20th century.</subfield></datafield><datafield ind1=' ' ind2='4' tag='650'><subfield code='a'>Documentary photography -- United States -- History -- 20th century.</subfield></datafield><datafield ind1=' ' ind2='4' tag='650'><subfield code='a'>Experimental fiction, American -- History and criticism.</subfield></datafield><datafield ind1=' ' ind2='4' tag='650'><subfield code='a'>Mass media and art -- United States.</subfield></datafield><datafield ind1=' ' ind2='4' tag='650'><subfield code='a'>Modernism (Literature) -- United States.</subfield></datafield><datafield ind1=' ' ind2='0' tag='655'><subfield code='a'>Electronic books.</subfield></datafield><datafield ind1=' ' ind2='0' tag='650'><subfield code='a'>American fiction</subfield><subfield code='x'>History and criticism</subfield><subfield code='y'>20th century</subfield><subfield code='z'>United States</subfield></datafield><datafield ind1=' ' ind2='0' tag='650'><subfield code='a'>Poor in literature</subfield></datafield><datafield ind1=' ' ind2='0' tag='650'><subfield code='a'>Experimental fiction, American</subfield><subfield code='x'>History and criticism</subfield><subfield code='y'>20th century</subfield><subfield code='z'>United States</subfield></datafield><datafield ind1=' ' ind2='0' tag='650'><subfield code='a'>Art and literature</subfield><subfield code='x'>History</subfield><subfield code='y'>20th century</subfield><subfield code='z'>United States</subfield></datafield><datafield ind1=' ' ind2='0' tag='650'><subfield code='a'>Documentary photography</subfield><subfield code='x'>History</subfield><subfield code='z'>United States</subfield></datafield><datafield ind1=' ' ind2='0' tag='650'><subfield code='a'>Mass media and art</subfield></datafield><datafield ind1=' ' ind2='0' tag='650'><subfield code='a'>Modernism (Literature)</subfield></datafield><datafield ind1=' ' ind2='0' tag='650'><subfield code='a'>Visual perception in literature</subfield></datafield><datafield ind1=' ' ind2='0' tag='650'><subfield code='a'>Social problems in literature</subfield></datafield><datafield ind1=' ' ind2='0' tag='650'><subfield code='a'>Poverty in literature</subfield></datafield><datafield ind1=' ' ind2='7' tag='650'><subfield code='a'>English</subfield><subfield code='2'>HILCC</subfield></datafield><datafield ind1=' ' ind2='7' tag='650'><subfield code='a'>Languages &amp; Literatures</subfield><subfield code='2'>HILCC</subfield></datafield><datafield ind1=' ' ind2='7' tag='650'><subfield code='a'>American Literature</subfield><subfield code='2'>HILCC</subfield></datafield><datafield ind1=' ' ind2=' ' tag='776'><subfield code='z'>0-8078-3136-0</subfield></datafield><datafield ind1=' ' ind2='0' tag='830'><subfield code='a'>Cultural Studies of the United States</subfield></datafield><datafield ind1=' ' ind2=' ' tag='906'><subfield code='a'>BOOK</subfield></datafield><datafield ind1=' ' ind2=' ' tag='ADM'><subfield code='b'>2017-08-23 03:42:31</subfield><subfield code='e'>(CKB)2670000000319280</subfield><subfield code='d'>PQNKB</subfield><subfield code='f'>20160803134623.0</subfield><subfield code='a'>2013-02-03 05:49:41</subfield><subfield code='c'>false</subfield></datafield><datafield ind1=' ' ind2=' ' tag='PRT'><subfield code='a'>53392062790003811</subfield><subfield code='b'>https://sandbox01-na.alma.exlibrisgroup.com/view/uresolver/01TULI_INST/openurl?u.ignore_date_coverage=true&amp;rft.mms_id=991036812955603811</subfield><subfield code='e'>EBSCOhost</subfield><subfield code='9'>Available</subfield><subfield code='c'>EBSCOhost Academic eBook Collection (North America)</subfield><subfield code='h'>613640000000000029</subfield><subfield code='8'>53392062790003811</subfield></datafield></record>