
<record xmlns='http://www.loc.gov/MARC21/slim'><leader>01162nam  2200301Ia 4500</leader><controlfield tag='001'>991036747186903811</controlfield><controlfield tag='005'>20170821160741.0</controlfield><controlfield tag='006'>m     o  d |      </controlfield><controlfield tag='007'>cr -n---------</controlfield><controlfield tag='008'>100902s2009    dcua    ob   i000 0 eng d</controlfield><datafield ind1=' ' ind2=' ' tag='020'><subfield code='a'>1-4623-5878-0</subfield></datafield><datafield ind1=' ' ind2=' ' tag='020'><subfield code='a'>9786612844515</subfield></datafield><datafield ind1=' ' ind2=' ' tag='020'><subfield code='a'>1-4527-0969-6</subfield></datafield><datafield ind1=' ' ind2=' ' tag='020'><subfield code='a'>1-282-84451-2</subfield></datafield><datafield ind1=' ' ind2=' ' tag='020'><subfield code='a'>1-4518-7403-0</subfield></datafield><datafield ind1=' ' ind2=' ' tag='035'><subfield code='a'>(CKB)3170000000055388</subfield></datafield><datafield ind1=' ' ind2=' ' tag='035'><subfield code='a'>(EBL)1605979</subfield></datafield><datafield ind1=' ' ind2=' ' tag='035'><subfield code='a'>(SSID)ssj0000949341</subfield></datafield><datafield ind1=' ' ind2=' ' tag='035'><subfield code='a'>(PQKBManifestationID)11597094</subfield></datafield><datafield ind1=' ' ind2=' ' tag='035'><subfield code='a'>(PQKBTitleCode)TC0000949341</subfield></datafield><datafield ind1=' ' ind2=' ' tag='035'><subfield code='a'>(PQKBWorkID)10996013</subfield></datafield><datafield ind1=' ' ind2=' ' tag='035'><subfield code='a'>(PQKB)10556357</subfield></datafield><datafield ind1=' ' ind2=' ' tag='035'><subfield code='a'>(OCoLC)680613464</subfield></datafield><datafield ind1=' ' ind2=' ' tag='035'><subfield code='a'>(MiAaPQ)EBC1605979</subfield></datafield><datafield ind1=' ' ind2=' ' tag='035'><subfield code='a'>(EXLCZ)993170000000055388</subfield></datafield><datafield ind1=' ' ind2=' ' tag='040'><subfield code='a'>MiAaPQ</subfield><subfield code='c'>MiAaPQ</subfield><subfield code='d'>MiAaPQ</subfield></datafield><datafield ind1=' ' ind2=' ' tag='041'><subfield code='a'>eng</subfield></datafield><datafield ind1=' ' ind2='4' tag='050'><subfield code='a'>HG230.3</subfield><subfield code='b'>.N35 2009</subfield></datafield><datafield ind1='1' ind2=' ' tag='100'><subfield code='a'>N&apos;Diaye, Papa M&apos;B. P.</subfield><subfield code='q'>(Papa M&apos;Bagnick Paté)</subfield></datafield><datafield ind1='1' ind2='0' tag='245'><subfield code='a'>Countercyclical macro prudential policies in a supporting role to monetary policy</subfield><subfield code='h'>[electronic resource] /</subfield><subfield code='c'>Papa N&apos;Diaye.</subfield></datafield><datafield ind1=' ' ind2=' ' tag='260'><subfield code='a'>[Washington, D.C.] :</subfield><subfield code='b'>International Monetary Fund,</subfield><subfield code='c'>c2009.</subfield></datafield><datafield ind1=' ' ind2=' ' tag='300'><subfield code='a'>1 online resource (36 p.)</subfield></datafield><datafield ind1=' ' ind2=' ' tag='336'><subfield code='a'>text</subfield><subfield code='b'>txt</subfield></datafield><datafield ind1=' ' ind2=' ' tag='337'><subfield code='a'>computer</subfield><subfield code='b'>c</subfield></datafield><datafield ind1=' ' ind2=' ' tag='338'><subfield code='a'>online resource</subfield><subfield code='b'>cr</subfield></datafield><datafield ind1='1' ind2=' ' tag='490'><subfield code='a'>IMF working paper ;</subfield><subfield code='v'>WP/09/257</subfield></datafield><datafield ind1=' ' ind2=' ' tag='500'><subfield code='a'>Description based upon print version of record.</subfield></datafield><datafield ind1='0' ind2=' ' tag='505'><subfield code='a'>Cover Page; Title Page; Copyright Page; Contents; I. Introduction; II. Overview of the CCA; III. Model Overview; A. Aggregate Demand Equation; B. Inflation; C. Core Inflation-Phillips curve; D. Okun&apos;s Law Relationship; E. Labor Income; F. Exchange Rate; G. Monetary Policy Rule; H. Yield Curve and Term Structure; I. Spreads and Balance Sheets; J. Uncertainty; K. Debt Dynamics; L. Financial Regulations; M. Equity; N. The Supply Side; IV. Illustrative Model Simulations; V. Conclusion; References; Footnotes</subfield></datafield><datafield ind1=' ' ind2=' ' tag='520'><subfield code='a'>This paper explores how prudential regulations can support monetary policy in reducing output fluctuations while maintaining financial stability. It uses a new framework that blends a standard model for monetary policy analysis with a contingent claims model of financial sector vulnerabilities. The results suggest that binding countercyclical prudential regulations can help reduce output fluctuations and lessen the risk of financial instability. More specifically, countercyclical rules such as countercyclical capital adequacy rules, can allow monetary authorities to achieve the same output and</subfield></datafield><datafield ind1=' ' ind2=' ' tag='546'><subfield code='a'>English</subfield></datafield><datafield ind1=' ' ind2=' ' tag='504'><subfield code='a'>Includes bibliographical references.</subfield></datafield><datafield ind1=' ' ind2='0' tag='650'><subfield code='a'>Monetary policy.</subfield></datafield><datafield ind1=' ' ind2='0' tag='650'><subfield code='a'>Assets (Accounting)</subfield></datafield><datafield ind1=' ' ind2='4' tag='655'><subfield code='a'>Electronic books.</subfield></datafield><datafield ind1=' ' ind2=' ' tag='776'><subfield code='z'>1-4519-1818-6</subfield></datafield><datafield ind1='2' ind2=' ' tag='710'><subfield code='a'>International Monetary Fund.</subfield></datafield><datafield ind1=' ' ind2='0' tag='830'><subfield code='a'>IMF Working Papers</subfield></datafield><datafield ind1=' ' ind2=' ' tag='906'><subfield code='a'>BOOK</subfield></datafield><datafield ind1=' ' ind2=' ' tag='PRT'><subfield code='a'>53422430610003811</subfield><subfield code='b'>https://sandbox01-na.alma.exlibrisgroup.com/view/uresolver/01TULI_INST/openurl?u.ignore_date_coverage=true&amp;rft.mms_id=991036747186903811</subfield><subfield code='e'>Ebook Central</subfield><subfield code='c'>Ebook Central Academic Complete</subfield><subfield code='h'>614200000000000002</subfield><subfield code='8'>53422430610003811</subfield></datafield></record>