
<record xmlns='http://www.loc.gov/MARC21/slim'><leader>01939nam  2200409Ia 4500</leader><controlfield tag='001'>991036731213903811</controlfield><controlfield tag='005'>20170809173246.0</controlfield><controlfield tag='006'>m     o  d |      </controlfield><controlfield tag='007'>cr -n---------</controlfield><controlfield tag='008'>080815s2009    ilua    ob   s101 0 eng d</controlfield><datafield ind1=' ' ind2=' ' tag='010'><subfield code='z'>  2008034993</subfield></datafield><datafield ind1=' ' ind2=' ' tag='020'><subfield code='a'>1-283-05998-3</subfield></datafield><datafield ind1=' ' ind2=' ' tag='020'><subfield code='a'>9786613059987</subfield></datafield><datafield ind1=' ' ind2=' ' tag='020'><subfield code='a'>0-252-09142-6</subfield></datafield><datafield ind1=' ' ind2=' ' tag='035'><subfield code='a'>(CKB)3390000000006632</subfield></datafield><datafield ind1=' ' ind2=' ' tag='035'><subfield code='a'>(EBL)3413914</subfield></datafield><datafield ind1=' ' ind2=' ' tag='035'><subfield code='a'>(SSID)ssj0000544283</subfield></datafield><datafield ind1=' ' ind2=' ' tag='035'><subfield code='a'>(PQKBManifestationID)11381934</subfield></datafield><datafield ind1=' ' ind2=' ' tag='035'><subfield code='a'>(PQKBTitleCode)TC0000544283</subfield></datafield><datafield ind1=' ' ind2=' ' tag='035'><subfield code='a'>(PQKBWorkID)10535248</subfield></datafield><datafield ind1=' ' ind2=' ' tag='035'><subfield code='a'>(PQKB)10325326</subfield></datafield><datafield ind1=' ' ind2=' ' tag='035'><subfield code='a'>(MiAaPQ)EBC3413914</subfield></datafield><datafield ind1=' ' ind2=' ' tag='035'><subfield code='a'>(EXLCZ)993390000000006632</subfield></datafield><datafield ind1=' ' ind2=' ' tag='040'><subfield code='a'>MiAaPQ</subfield><subfield code='c'>MiAaPQ</subfield><subfield code='d'>MiAaPQ</subfield></datafield><datafield ind1=' ' ind2=' ' tag='041'><subfield code='a'>eng</subfield></datafield><datafield ind1=' ' ind2='4' tag='050'><subfield code='a'>F870.M5</subfield><subfield code='b'>M495 2009</subfield></datafield><datafield ind1='0' ind2='0' tag='082'><subfield code='a'>305.868</subfield></datafield><datafield ind1='1' ind2=' ' tag='100'><subfield code='a'>Gutierrez, Ramón A.</subfield></datafield><datafield ind1=' ' ind2=' ' tag='210'><subfield code='a'>MEXICANS IN CALIFORNIA</subfield></datafield><datafield ind1='0' ind2='0' tag='245'><subfield code='a'>Mexicans in California</subfield><subfield code='h'>[electronic resource] :</subfield><subfield code='b'>transformations and challenges /</subfield><subfield code='c'>edited by Ramón A. Gutiérrez and Patricia Zavella ; with the assistance of Denise Segura, Dolores Trevizo, and Juan Vicente Palerm.</subfield></datafield><datafield ind1=' ' ind2=' ' tag='260'><subfield code='a'>Urbana :</subfield><subfield code='b'>University of Illinois Press,</subfield><subfield code='c'>c2009.</subfield></datafield><datafield ind1=' ' ind2=' ' tag='300'><subfield code='a'>1 online resource (265 p.)</subfield></datafield><datafield ind1=' ' ind2=' ' tag='336'><subfield code='a'>text</subfield><subfield code='b'>txt</subfield></datafield><datafield ind1=' ' ind2=' ' tag='337'><subfield code='a'>computer</subfield><subfield code='b'>c</subfield></datafield><datafield ind1=' ' ind2=' ' tag='338'><subfield code='a'>online resource</subfield><subfield code='b'>cr</subfield></datafield><datafield ind1=' ' ind2=' ' tag='500'><subfield code='a'>Description based upon print version of record.</subfield></datafield><datafield ind1='0' ind2=' ' tag='505'><subfield code='a'>&quot;&quot;Cover&quot;&quot;; &quot;&quot;Title Page&quot;&quot;; &quot;&quot;Copyright Page&quot;&quot;; &quot;&quot;Contents&quot;&quot;; &quot;&quot;Acknowledgments&quot;&quot;; &quot;&quot;Introduction&quot;&quot;; &quot;&quot;PART I. WORK AND POVERTY&quot;&quot;; &quot;&quot;1. Poverty, Work, and Public Policy: Latino Futures in California&apos;s New Economy&quot;&quot;; &quot;&quot;2. Working Day Labor: Informal and Contingent Employment&quot;&quot;; &quot;&quot;PART II. EDUCATION AND ACHIEVEMENT&quot;&quot;; &quot;&quot;3. Understanding and Addressing the California Latino Achievement Gap in Early Elementary School&quot;&quot;; &quot;&quot;4. Reaffirming Affirmative Action: An Equal Opportunity Analysis of Advanced Placement Courses and University Admissions&quot;&quot;</subfield></datafield><datafield ind1='8' ind2=' ' tag='505'><subfield code='a'>&quot;&quot;5. Chicano Struggles for Racial Justice: The Movement&apos;s Contribution to Social Theory &quot;&quot;&quot;&quot;6. &quot;&quot;Lifting As We Climb&quot;&quot;: Educated Chicanas&apos; Social Identities and Commitment to Social Action&quot;&quot;; &quot;&quot;PART III. CULTURE AND SELF-PRESERVATION&quot;&quot;; &quot;&quot;7. The Quebec Metaphor, Invasion, and Reconquest in Public Discourse on Mexican Immigration&quot;&quot;; &quot;&quot;8. Prime-Time Protest: Latinos and Network Television&quot;&quot;; &quot;&quot;9. The Politics of Passion: Poetics and Performance of La Cancion Ranchera&quot;&quot;; &quot;&quot;PART IV. CULTURE AND VIOLENCE&quot;&quot;</subfield></datafield><datafield ind1='8' ind2=' ' tag='505'><subfield code='a'>&quot;&quot;10. Conflict Resolution and Intimate Partner Violence among Mexicans on Both Sides of the Border&quot;&quot;&quot;&quot;Bibliography&quot;&quot;; &quot;&quot;Contributors&quot;&quot;; &quot;&quot;Index&quot;&quot;</subfield></datafield><datafield ind1=' ' ind2=' ' tag='546'><subfield code='a'>English</subfield></datafield><datafield ind1=' ' ind2=' ' tag='504'><subfield code='a'>Includes bibliographical references (p. [217]-241) and index.</subfield></datafield><datafield ind1=' ' ind2='0' tag='650'><subfield code='a'>Mexican Americans</subfield><subfield code='z'>California</subfield><subfield code='x'>Social conditions</subfield><subfield code='v'>Congresses.</subfield></datafield><datafield ind1=' ' ind2='0' tag='650'><subfield code='a'>Mexicans</subfield><subfield code='z'>California</subfield><subfield code='x'>Social conditions</subfield><subfield code='v'>Congresses.</subfield></datafield><datafield ind1=' ' ind2='0' tag='650'><subfield code='a'>Immigrants</subfield><subfield code='z'>California</subfield><subfield code='x'>Social conditions</subfield><subfield code='v'>Congresses.</subfield></datafield><datafield ind1=' ' ind2='0' tag='650'><subfield code='a'>Social change</subfield><subfield code='z'>California</subfield><subfield code='v'>Congresses.</subfield></datafield><datafield ind1=' ' ind2='4' tag='655'><subfield code='a'>Electronic books.</subfield></datafield><datafield ind1=' ' ind2='0' tag='651'><subfield code='a'>Mexico</subfield><subfield code='x'>Emigration and immigration</subfield><subfield code='v'>Congresses.</subfield></datafield><datafield ind1=' ' ind2='0' tag='651'><subfield code='a'>California</subfield><subfield code='x'>Emigration and immigration</subfield><subfield code='v'>Congresses.</subfield></datafield><datafield ind1=' ' ind2='0' tag='651'><subfield code='a'>California</subfield><subfield code='x'>Ethnic relations</subfield><subfield code='v'>Congresses.</subfield></datafield><datafield ind1=' ' ind2='0' tag='651'><subfield code='a'>California</subfield><subfield code='x'>Social conditions</subfield><subfield code='v'>Congresses.</subfield></datafield><datafield ind1='1' ind2=' ' tag='700'><subfield code='a'>Gutiérrez, Ramón A.,</subfield><subfield code='d'>1951-</subfield></datafield><datafield ind1='1' ind2=' ' tag='700'><subfield code='a'>Zavella, Patricia.</subfield></datafield><datafield ind1=' ' ind2=' ' tag='776'><subfield code='z'>0-252-03411-2</subfield></datafield><datafield ind1=' ' ind2=' ' tag='776'><subfield code='z'>0-252-07607-9</subfield></datafield><datafield ind1=' ' ind2=' ' tag='906'><subfield code='a'>BOOK</subfield></datafield><datafield ind1=' ' ind2=' ' tag='PRT'><subfield code='a'>53422772080003811</subfield><subfield code='b'>https://sandbox01-na.alma.exlibrisgroup.com/view/uresolver/01TULI_INST/openurl?u.ignore_date_coverage=true&amp;rft.mms_id=991036731213903811</subfield><subfield code='e'>Ebook Central</subfield><subfield code='c'>Ebook Central Academic Complete</subfield><subfield code='h'>614200000000000002</subfield><subfield code='8'>53422772080003811</subfield></datafield><datafield ind1=' ' ind2=' ' tag='PRT'><subfield code='a'>53408821640003811</subfield><subfield code='b'>https://sandbox01-na.alma.exlibrisgroup.com/view/uresolver/01TULI_INST/openurl?u.ignore_date_coverage=true&amp;rft.mms_id=991036731213903811</subfield><subfield code='e'>JSTOR</subfield><subfield code='c'>JSTOR Books EBA Pilot</subfield><subfield code='h'>613810000000000259</subfield><subfield code='8'>53408821640003811</subfield></datafield><datafield ind1=' ' ind2=' ' tag='PRT'><subfield code='a'>53392586990003811</subfield><subfield code='b'>https://sandbox01-na.alma.exlibrisgroup.com/view/uresolver/01TULI_INST/openurl?u.ignore_date_coverage=true&amp;rft.mms_id=991036731213903811</subfield><subfield code='e'>EBSCOhost</subfield><subfield code='c'>EBSCOhost Academic eBook Collection (North America)</subfield><subfield code='h'>613640000000000029</subfield><subfield code='8'>53392586990003811</subfield></datafield><datafield ind1=' ' ind2=' ' tag='PRT'><subfield code='a'>53425029090003811</subfield><subfield code='b'>https://sandbox01-na.alma.exlibrisgroup.com/view/uresolver/01TULI_INST/openurl?u.ignore_date_coverage=true&amp;rft.mms_id=991036731213903811</subfield><subfield code='e'>Ebook Central</subfield><subfield code='c'>Ebook Central University Press</subfield><subfield code='h'>614330000000000093</subfield><subfield code='8'>53425029090003811</subfield></datafield></record>