
<record xmlns='http://www.loc.gov/MARC21/slim'><leader>01915nam  2200301 a 4500</leader><controlfield tag='001'>991036735002703811</controlfield><controlfield tag='005'>20170815165854.0</controlfield><controlfield tag='006'>m     o  d |      </controlfield><controlfield tag='007'>cr -n---------</controlfield><controlfield tag='008'>070330s2007    cauaf   ob    001 0beng  </controlfield><datafield ind1=' ' ind2=' ' tag='010'><subfield code='z'>  2007011766</subfield></datafield><datafield ind1=' ' ind2=' ' tag='020'><subfield code='a'>1-282-46992-4</subfield></datafield><datafield ind1=' ' ind2=' ' tag='020'><subfield code='a'>9786612469923</subfield></datafield><datafield ind1=' ' ind2=' ' tag='020'><subfield code='a'>1-58243-912-5</subfield></datafield><datafield ind1=' ' ind2=' ' tag='035'><subfield code='a'>(CKB)2550000000006200</subfield></datafield><datafield ind1=' ' ind2=' ' tag='035'><subfield code='a'>(EBL)478840</subfield></datafield><datafield ind1=' ' ind2=' ' tag='035'><subfield code='a'>(OCoLC)609854390</subfield></datafield><datafield ind1=' ' ind2=' ' tag='035'><subfield code='a'>(SSID)ssj0000364448</subfield></datafield><datafield ind1=' ' ind2=' ' tag='035'><subfield code='a'>(PQKBManifestationID)11278429</subfield></datafield><datafield ind1=' ' ind2=' ' tag='035'><subfield code='a'>(PQKBTitleCode)TC0000364448</subfield></datafield><datafield ind1=' ' ind2=' ' tag='035'><subfield code='a'>(PQKBWorkID)10413448</subfield></datafield><datafield ind1=' ' ind2=' ' tag='035'><subfield code='a'>(PQKB)11330656</subfield></datafield><datafield ind1=' ' ind2=' ' tag='035'><subfield code='a'>(MiAaPQ)EBC478840</subfield></datafield><datafield ind1=' ' ind2=' ' tag='035'><subfield code='a'>(EXLCZ)992550000000006200</subfield></datafield><datafield ind1=' ' ind2=' ' tag='040'><subfield code='a'>MiAaPQ</subfield><subfield code='c'>MiAaPQ</subfield><subfield code='d'>MiAaPQ</subfield></datafield><datafield ind1=' ' ind2=' ' tag='041'><subfield code='a'>eng</subfield></datafield><datafield ind1=' ' ind2='4' tag='050'><subfield code='a'>PS3549.U47</subfield><subfield code='b'>Z835 2007</subfield></datafield><datafield ind1='0' ind2='0' tag='082'><subfield code='a'>811.52</subfield></datafield><datafield ind1='1' ind2=' ' tag='100'><subfield code='a'>Scroggins, Mark,</subfield><subfield code='d'>1964-</subfield></datafield><datafield ind1='1' ind2='4' tag='245'><subfield code='a'>The poem of a life</subfield><subfield code='h'>[electronic resource] :</subfield><subfield code='b'>a biography of Louis Zukofsky /</subfield><subfield code='c'>Mark Scroggins.</subfield></datafield><datafield ind1=' ' ind2=' ' tag='260'><subfield code='a'>[Emeryville, CA] :</subfield><subfield code='b'>Shoemaker &amp; Hoard :</subfield><subfield code='b'>[Distributed by Publishers Group West],</subfield><subfield code='c'>c2007.</subfield></datafield><datafield ind1=' ' ind2=' ' tag='300'><subfield code='a'>1 online resource (592 p.)</subfield></datafield><datafield ind1=' ' ind2=' ' tag='336'><subfield code='a'>text</subfield><subfield code='b'>txt</subfield></datafield><datafield ind1=' ' ind2=' ' tag='337'><subfield code='a'>computer</subfield><subfield code='b'>c</subfield></datafield><datafield ind1=' ' ind2=' ' tag='338'><subfield code='a'>online resource</subfield><subfield code='b'>cr</subfield></datafield><datafield ind1=' ' ind2=' ' tag='500'><subfield code='a'>Description based upon print version of record.</subfield></datafield><datafield ind1=' ' ind2=' ' tag='520'><subfield code='a'>The Poem of a Life is the first critical biography of Louis Zukofsky, a fascinating and crucially important American modernist poet. It details the curve of his career, from the early Waste Land-parody ?Poem beginning &apos;The&apos;&quot; (1926) to the dense and tantalizing beauties of his last poems, 80 Flowers(1978), paying special attention to the monumental, complex, and formally various epic poem ?A&quot;, on which Zukofsky labored for almost fifty years, and which he called ?a poem of a life.&quot;  Zukofsky was a protégé of Ezra Pound&apos;s, an artistic collaborator and close f</subfield></datafield><datafield ind1=' ' ind2=' ' tag='546'><subfield code='a'>English</subfield></datafield><datafield ind1='0' ind2=' ' tag='505'><subfield code='a'>A Lower East Side youth, 1904-1920 -- An ernster mensch at Columbia, 1920-1924 -- The lean twenties, 1924-1928 -- A thousand fiddles playing Bach, 1928-1930 -- &quot;A&quot;-1 through &quot;A&quot;-7 -- &quot;Objectivists&quot; : 1930-1931 -- At the helm of an avant-garde, 1932-1933 -- Politics and poetry, 1934-1935 -- Culture and design, 1936-1940 -- &quot;A&quot;-8 and first half of &quot;A&quot;-9 -- The home front, 1940-1945 -- A new life, 1946-1951 -- &quot;A&quot;-9 (second half) through &quot;A&quot;-12 -- The great world, 1952-1957 -- Going westward, 1958-1960 -- The darker world, 1961-1963 -- Short poems : contingencies and sequences -- Becoming a classic, 1964-1966 -- &quot;A&quot;-13 through &quot;A&quot;-20 -- Retiring, 1966-1969 -- At port, 1970-1978 -- &quot;A&quot;-21 through &quot;A&quot;-24 -- 80 flowers and &quot;Gamut, 90 trees&quot; -- Afterword : 1978-1980.</subfield></datafield><datafield ind1=' ' ind2=' ' tag='504'><subfield code='a'>Includes bibliographical references (p. [477]-555) and index.</subfield></datafield><datafield ind1=' ' ind2='0' tag='650'><subfield code='a'>Poets, American</subfield><subfield code='y'>20th century</subfield><subfield code='v'>Biography.</subfield></datafield><datafield ind1=' ' ind2='4' tag='655'><subfield code='a'>Electronic books.</subfield></datafield><datafield ind1='1' ind2='0' tag='600'><subfield code='a'>Zukofsky, Louis,</subfield><subfield code='d'>1904-1978.</subfield></datafield><datafield ind1=' ' ind2=' ' tag='776'><subfield code='z'>1-59376-158-9</subfield></datafield><datafield ind1=' ' ind2=' ' tag='906'><subfield code='a'>BOOK</subfield></datafield><datafield ind1=' ' ind2=' ' tag='PRT'><subfield code='a'>53424057260003811</subfield><subfield code='b'>https://sandbox01-na.alma.exlibrisgroup.com/view/uresolver/01TULI_INST/openurl?u.ignore_date_coverage=true&amp;rft.mms_id=991036735002703811</subfield><subfield code='e'>Ebook Central</subfield><subfield code='c'>Ebook Central College Complete</subfield><subfield code='h'>614330000000000032</subfield><subfield code='8'>53424057260003811</subfield></datafield><datafield ind1=' ' ind2=' ' tag='PRT'><subfield code='a'>53421734430003811</subfield><subfield code='b'>https://sandbox01-na.alma.exlibrisgroup.com/view/uresolver/01TULI_INST/openurl?u.ignore_date_coverage=true&amp;rft.mms_id=991036735002703811</subfield><subfield code='e'>Ebook Central</subfield><subfield code='c'>Ebook Central Academic Complete</subfield><subfield code='h'>614200000000000002</subfield><subfield code='8'>53421734430003811</subfield></datafield></record>