
<record xmlns='http://www.loc.gov/MARC21/slim'><leader>01140nam  2200289 a 4500</leader><controlfield tag='001'>991036740419103811</controlfield><controlfield tag='005'>20170815120515.0</controlfield><controlfield tag='006'>m     o  d |      </controlfield><controlfield tag='007'>cr -n---------</controlfield><controlfield tag='008'>980902s2000    nyua    ob    001 0 eng  </controlfield><datafield ind1=' ' ind2=' ' tag='020'><subfield code='a'>1-280-44242-5</subfield></datafield><datafield ind1=' ' ind2=' ' tag='020'><subfield code='a'>0-19-536050-8</subfield></datafield><datafield ind1=' ' ind2=' ' tag='020'><subfield code='a'>1-60129-885-4</subfield></datafield><datafield ind1=' ' ind2=' ' tag='035'><subfield code='a'>(CKB)1000000000028662</subfield></datafield><datafield ind1=' ' ind2=' ' tag='035'><subfield code='a'>(EBL)241531</subfield></datafield><datafield ind1=' ' ind2=' ' tag='035'><subfield code='a'>(OCoLC)228114425</subfield></datafield><datafield ind1=' ' ind2=' ' tag='035'><subfield code='a'>(SSID)ssj0000117627</subfield></datafield><datafield ind1=' ' ind2=' ' tag='035'><subfield code='a'>(PQKBManifestationID)11141822</subfield></datafield><datafield ind1=' ' ind2=' ' tag='035'><subfield code='a'>(PQKBTitleCode)TC0000117627</subfield></datafield><datafield ind1=' ' ind2=' ' tag='035'><subfield code='a'>(PQKBWorkID)10042907</subfield></datafield><datafield ind1=' ' ind2=' ' tag='035'><subfield code='a'>(PQKB)11617226</subfield></datafield><datafield ind1=' ' ind2=' ' tag='035'><subfield code='a'>(MiAaPQ)EBC241531</subfield></datafield><datafield ind1=' ' ind2=' ' tag='035'><subfield code='a'>(EXLCZ)991000000000028662</subfield></datafield><datafield ind1=' ' ind2=' ' tag='040'><subfield code='a'>MiAaPQ</subfield><subfield code='c'>MiAaPQ</subfield><subfield code='d'>MiAaPQ</subfield></datafield><datafield ind1=' ' ind2=' ' tag='041'><subfield code='a'>eng</subfield></datafield><datafield ind1=' ' ind2=' ' tag='043'><subfield code='a'>e------</subfield></datafield><datafield ind1=' ' ind2='4' tag='050'><subfield code='a'>HC240</subfield><subfield code='b'>.L253 2000</subfield></datafield><datafield ind1='0' ind2='0' tag='082'><subfield code='a'>330.122094</subfield></datafield><datafield ind1='1' ind2=' ' tag='100'><subfield code='a'>Lachmann, Richard.</subfield></datafield><datafield ind1='1' ind2='0' tag='245'><subfield code='a'>Capitalists in spite of themselves</subfield><subfield code='h'>[electronic resource] :</subfield><subfield code='b'>elite conflict and economic transitions in early modern Europe /</subfield><subfield code='c'>Richard Lachmann.</subfield></datafield><datafield ind1=' ' ind2=' ' tag='260'><subfield code='a'>New York :</subfield><subfield code='b'>Oxford University Press,</subfield><subfield code='c'>2000.</subfield></datafield><datafield ind1=' ' ind2=' ' tag='300'><subfield code='a'>1 online resource (327 p.)</subfield></datafield><datafield ind1=' ' ind2=' ' tag='336'><subfield code='a'>text</subfield><subfield code='b'>txt</subfield></datafield><datafield ind1=' ' ind2=' ' tag='337'><subfield code='a'>computer</subfield><subfield code='b'>c</subfield></datafield><datafield ind1=' ' ind2=' ' tag='338'><subfield code='a'>online resource</subfield><subfield code='b'>cr</subfield></datafield><datafield ind1=' ' ind2=' ' tag='500'><subfield code='a'>Description based upon print version of record.</subfield></datafield><datafield ind1='0' ind2=' ' tag='505'><subfield code='a'>Contents; 1 Something Happened; 2 Feudal Dynamics; 3 The Limits of Urban Capitalism; 4 State Formation: England and France; 5 A Dead End and a Detour: Spain and the Netherlands; 6 Elite Defensiveness and the Transformation of Class Relations: England and France; 7 Religion and Ideology; 8 Conclusion; Notes; References; Index; A; B; C; D; E; F; G; H; I; J; K; L; M; N; O; P; R; S; T; U; V; W</subfield></datafield><datafield ind1=' ' ind2=' ' tag='520'><subfield code='a'>Here, Richard Lachmann offers a new answer to an old question: Why did capitalism develop in some parts of early modern Europe but not in others? Finding neither a single cause nor an essentialist unfolding of a state or capitalist system, Lachmann describes the highly contingent development of various polities and economies. He identifies, in particular, conflict among feudal elites--landlords, clerics, kings, and officeholders--as the dynamic which perpetuated manorial economies in some places while propelling elites elsewhere to transform the basis of their control over land and labor. Comp</subfield></datafield><datafield ind1=' ' ind2=' ' tag='546'><subfield code='a'>English</subfield></datafield><datafield ind1=' ' ind2=' ' tag='504'><subfield code='a'>Includes bibliographical references (p. 283-302) and index.</subfield></datafield><datafield ind1=' ' ind2='0' tag='650'><subfield code='a'>Capitalism</subfield><subfield code='z'>Europe</subfield><subfield code='x'>History.</subfield></datafield><datafield ind1=' ' ind2='0' tag='650'><subfield code='a'>Elite (Social sciences)</subfield><subfield code='z'>Europe</subfield><subfield code='x'>History.</subfield></datafield><datafield ind1=' ' ind2='0' tag='650'><subfield code='a'>Social conflict</subfield><subfield code='z'>Europe</subfield><subfield code='x'>History.</subfield></datafield><datafield ind1=' ' ind2='4' tag='655'><subfield code='a'>Electronic books.</subfield></datafield><datafield ind1=' ' ind2='0' tag='651'><subfield code='a'>Europe</subfield><subfield code='x'>Economic conditions.</subfield></datafield><datafield ind1=' ' ind2=' ' tag='776'><subfield code='z'>0-19-515960-8</subfield></datafield><datafield ind1=' ' ind2=' ' tag='776'><subfield code='z'>0-19-507568-4</subfield></datafield><datafield ind1=' ' ind2=' ' tag='906'><subfield code='a'>BOOK</subfield></datafield><datafield ind1=' ' ind2=' ' tag='PRT'><subfield code='a'>53404534550003811</subfield><subfield code='b'>https://sandbox01-na.alma.exlibrisgroup.com/view/uresolver/01TULI_INST/openurl?u.ignore_date_coverage=true&amp;rft.mms_id=991036740419103811</subfield><subfield code='e'>EBSCOhost</subfield><subfield code='c'>eBook Business Collection</subfield><subfield code='h'>613790000000001579</subfield><subfield code='8'>53404534550003811</subfield></datafield><datafield ind1=' ' ind2=' ' tag='PRT'><subfield code='a'>53406145600003811</subfield><subfield code='b'>https://sandbox01-na.alma.exlibrisgroup.com/view/uresolver/01TULI_INST/openurl?u.ignore_date_coverage=true&amp;rft.mms_id=991036740419103811</subfield><subfield code='e'>EBSCOhost</subfield><subfield code='c'>EBSCOhost eBook History Collection - North America</subfield><subfield code='h'>613790000000001582</subfield><subfield code='8'>53406145600003811</subfield></datafield><datafield ind1=' ' ind2=' ' tag='PRT'><subfield code='a'>53420361750003811</subfield><subfield code='b'>https://sandbox01-na.alma.exlibrisgroup.com/view/uresolver/01TULI_INST/openurl?u.ignore_date_coverage=true&amp;rft.mms_id=991036740419103811</subfield><subfield code='e'>Ebook Central</subfield><subfield code='c'>Ebook Central Academic Complete</subfield><subfield code='h'>614200000000000002</subfield><subfield code='8'>53420361750003811</subfield></datafield></record>