
<record xmlns='http://www.loc.gov/MARC21/slim'><leader>01199nam  2200325Ia 4500</leader><controlfield tag='001'>991036796276003811</controlfield><controlfield tag='005'>20170815145439.0</controlfield><controlfield tag='006'>m     o  d |      </controlfield><controlfield tag='007'>cr -n---------</controlfield><controlfield tag='008'>990916s2000    maua    ob    001 0 eng d</controlfield><datafield ind1=' ' ind2=' ' tag='010'><subfield code='z'>   99048591 </subfield></datafield><datafield ind1=' ' ind2=' ' tag='020'><subfield code='a'>1-136-39045-6</subfield></datafield><datafield ind1=' ' ind2=' ' tag='020'><subfield code='a'>1-282-32931-6</subfield></datafield><datafield ind1=' ' ind2=' ' tag='020'><subfield code='a'>9786612329319</subfield></datafield><datafield ind1=' ' ind2=' ' tag='020'><subfield code='a'>0-08-050979-7</subfield></datafield><datafield ind1=' ' ind2=' ' tag='035'><subfield code='a'>(CKB)1000000000807535</subfield></datafield><datafield ind1=' ' ind2=' ' tag='035'><subfield code='a'>(EBL)535191</subfield></datafield><datafield ind1=' ' ind2=' ' tag='035'><subfield code='a'>(OCoLC)474960721</subfield></datafield><datafield ind1=' ' ind2=' ' tag='035'><subfield code='a'>(SSID)ssj0000339605</subfield></datafield><datafield ind1=' ' ind2=' ' tag='035'><subfield code='a'>(PQKBManifestationID)11261213</subfield></datafield><datafield ind1=' ' ind2=' ' tag='035'><subfield code='a'>(PQKBTitleCode)TC0000339605</subfield></datafield><datafield ind1=' ' ind2=' ' tag='035'><subfield code='a'>(PQKBWorkID)10324145</subfield></datafield><datafield ind1=' ' ind2=' ' tag='035'><subfield code='a'>(PQKB)10120602</subfield></datafield><datafield ind1=' ' ind2=' ' tag='035'><subfield code='a'>(MiAaPQ)EBC535191</subfield></datafield><datafield ind1=' ' ind2=' ' tag='035'><subfield code='a'>(EXLCZ)991000000000807535</subfield></datafield><datafield ind1=' ' ind2=' ' tag='040'><subfield code='a'>MiAaPQ</subfield><subfield code='c'>MiAaPQ</subfield><subfield code='d'>MiAaPQ</subfield></datafield><datafield ind1=' ' ind2=' ' tag='041'><subfield code='a'>eng</subfield></datafield><datafield ind1=' ' ind2='4' tag='050'><subfield code='a'>HC79.C3</subfield><subfield code='b'>K66 2000</subfield></datafield><datafield ind1='0' ind2='0' tag='082'><subfield code='a'>658.4</subfield><subfield code='a'>658.4/038</subfield></datafield><datafield ind1='1' ind2=' ' tag='100'><subfield code='a'>Lesser, Eric.</subfield></datafield><datafield ind1=' ' ind2=' ' tag='210'><subfield code='a'>KNOWLEDGE AND SOCIAL CAPITAL</subfield></datafield><datafield ind1='0' ind2='0' tag='245'><subfield code='a'>Knowledge and social capital</subfield><subfield code='h'>[electronic resource] :</subfield><subfield code='b'>foundations and applications /</subfield><subfield code='c'>edited by Eric L. Lesser.</subfield></datafield><datafield ind1=' ' ind2=' ' tag='260'><subfield code='a'>Boston :</subfield><subfield code='b'>Butterworth-Heinemann,</subfield><subfield code='c'>c2000.</subfield></datafield><datafield ind1=' ' ind2=' ' tag='300'><subfield code='a'>1 online resource (337 p.)</subfield></datafield><datafield ind1=' ' ind2=' ' tag='336'><subfield code='a'>text</subfield><subfield code='b'>txt</subfield></datafield><datafield ind1=' ' ind2=' ' tag='337'><subfield code='a'>computer</subfield><subfield code='b'>c</subfield></datafield><datafield ind1=' ' ind2=' ' tag='338'><subfield code='a'>online resource</subfield><subfield code='b'>cr</subfield></datafield><datafield ind1='1' ind2=' ' tag='490'><subfield code='a'>Resources for the knowledge based economy series</subfield></datafield><datafield ind1=' ' ind2=' ' tag='500'><subfield code='a'>Description based upon print version of record.</subfield></datafield><datafield ind1='0' ind2=' ' tag='505'><subfield code='a'>Front Cover; Knowledge and Social Capital: Foundations and Applications; Copyright Page; Table of Contents; Part I Foundations; Chapter 1 Leveraging Social Capital in Organizations; Chapter 2 Social Capital in the Creation of Human Capital; Chapter 3 Social Capital: Its Origins and Applications in Modern Sociology; Chapter 4 A Paradigm for Social Capital; Chapter 5 Social Capital: The Good, the Bad and the Ugly; Part II Applications; Chapter 6 Social Capital, Intellectual Capital and the Organizational Advantage; Chapter 7 Virtual Communities and Social Capital</subfield></datafield><datafield ind1='8' ind2=' ' tag='505'><subfield code='a'>Chapter 8 Social Capital and Capital Gains in Silicon ValleyChapter 9 Social Capital, Violations of Trust and the Vulnerability of Isolates: The Social Organization of Law Practice and Professional Self-Regulation; Part III Empirical Works; Chapter 10 Social Capital, Strucutral Holes and the Formation of an Industry Network; Chapter 11 Contingent Value of Social Capital; Chapter 12 Human Capital, Social Capital and Compensation: The Relative Contribution of Social Contacts to Managers&apos; Incomes; Index</subfield></datafield><datafield ind1=' ' ind2=' ' tag='520'><subfield code='a'>Social capital - the informal networks, trust and common understanding among individuals in an organization - determines major competitive advantages in today&apos;s networked economy. Knowledge and Social Capital explains how social capital can drive collaboration, reconcile an organization&apos;s internal and external labor markets, and improve organizational effectiveness. This edited compilation of authoritative articles helps readers understand how they can build and capitalize on their own organizations&apos; social capital. Knowledge and Social Capital teaches core princi</subfield></datafield><datafield ind1=' ' ind2=' ' tag='546'><subfield code='a'>English</subfield></datafield><datafield ind1=' ' ind2=' ' tag='504'><subfield code='a'>Includes bibliographical references and index.</subfield></datafield><datafield ind1=' ' ind2='0' tag='650'><subfield code='a'>Human capital.</subfield></datafield><datafield ind1=' ' ind2='0' tag='650'><subfield code='a'>Infrastructure (Economics)</subfield></datafield><datafield ind1=' ' ind2='0' tag='650'><subfield code='a'>Knowledge management.</subfield></datafield><datafield ind1=' ' ind2='0' tag='650'><subfield code='a'>Organizational learning.</subfield></datafield><datafield ind1=' ' ind2='4' tag='655'><subfield code='a'>Electronic books.</subfield></datafield><datafield ind1='1' ind2=' ' tag='700'><subfield code='a'>Lesser, Eric.</subfield></datafield><datafield ind1=' ' ind2=' ' tag='776'><subfield code='z'>1-138-15508-X</subfield></datafield><datafield ind1=' ' ind2=' ' tag='776'><subfield code='z'>0-7506-7222-6</subfield></datafield><datafield ind1=' ' ind2='0' tag='830'><subfield code='a'>Resources for the knowledge-based economy.</subfield></datafield><datafield ind1=' ' ind2=' ' tag='906'><subfield code='a'>BOOK</subfield></datafield><datafield ind1=' ' ind2=' ' tag='PRT'><subfield code='a'>53364496970003811</subfield><subfield code='b'>https://sandbox01-na.alma.exlibrisgroup.com/view/uresolver/01TULI_INST/openurl?u.ignore_date_coverage=true&amp;rft.mms_id=991036796276003811</subfield><subfield code='e'>Elsevier ScienceDirect AutoLoad</subfield><subfield code='c'>Elsevier ScienceDirect Books Complete</subfield><subfield code='h'>613840000000000009</subfield><subfield code='8'>53364496970003811</subfield></datafield></record>