
<record xmlns='http://www.loc.gov/MARC21/slim'><leader>04421nam a22005055i 4500</leader><controlfield tag='001'>991036802199203811</controlfield><controlfield tag='005'>20170821183854.0</controlfield><controlfield tag='006'>m     o  d |      </controlfield><controlfield tag='007'>cr nn 008mamaa</controlfield><controlfield tag='008'>161107s2016    si |    o    |||| 0|eng d</controlfield><datafield ind1=' ' ind2=' ' tag='020'><subfield code='a'>981-10-0300-9</subfield></datafield><datafield ind1='7' ind2=' ' tag='024'><subfield code='a'>10.1007/978-981-10-0300-4</subfield><subfield code='2'>doi</subfield></datafield><datafield ind1=' ' ind2=' ' tag='035'><subfield code='a'>(CKB)3710000000934810</subfield></datafield><datafield ind1=' ' ind2=' ' tag='035'><subfield code='a'>(DE-He213)978-981-10-0300-4</subfield></datafield><datafield ind1=' ' ind2=' ' tag='035'><subfield code='a'>(MiAaPQ)EBC4734222</subfield></datafield><datafield ind1=' ' ind2=' ' tag='035'><subfield code='a'>(EXLCZ)993710000000934810</subfield></datafield><datafield ind1=' ' ind2=' ' tag='040'><subfield code='a'>MiAaPQ</subfield><subfield code='b'>eng</subfield><subfield code='e'>rda</subfield><subfield code='e'>pn</subfield><subfield code='c'>MiAaPQ</subfield><subfield code='d'>MiAaPQ</subfield></datafield><datafield ind1=' ' ind2=' ' tag='043'><subfield code='a'>a-kr---</subfield></datafield><datafield ind1=' ' ind2='4' tag='050'><subfield code='a'>HC79.E5</subfield></datafield><datafield ind1=' ' ind2='7' tag='072'><subfield code='a'>KCN</subfield><subfield code='2'>bicssc</subfield></datafield><datafield ind1=' ' ind2='7' tag='072'><subfield code='a'>BUS069000</subfield><subfield code='2'>bisacsh</subfield></datafield><datafield ind1='0' ind2='4' tag='082'><subfield code='a'>333.7</subfield><subfield code='2'>23</subfield></datafield><datafield ind1='1' ind2='0' tag='245'><subfield code='a'>Quantitative Regional Economic and Environmental Analysis for Sustainability in Korea</subfield><subfield code='h'>[electronic resource] /</subfield><subfield code='c'>edited by Euijune Kim, Brian H. S. Kim.</subfield></datafield><datafield ind1=' ' ind2='1' tag='264'><subfield code='a'>Singapore :</subfield><subfield code='b'>Springer Singapore :</subfield><subfield code='b'>Imprint: Springer,</subfield><subfield code='c'>2016.</subfield></datafield><datafield ind1=' ' ind2=' ' tag='300'><subfield code='a'>1 online resource (X, 243 p. 42 illus., 14 illus. in color.) </subfield></datafield><datafield ind1=' ' ind2=' ' tag='336'><subfield code='a'>text</subfield><subfield code='b'>txt</subfield><subfield code='2'>rdacontent</subfield></datafield><datafield ind1=' ' ind2=' ' tag='337'><subfield code='a'>computer</subfield><subfield code='b'>c</subfield><subfield code='2'>rdamedia</subfield></datafield><datafield ind1=' ' ind2=' ' tag='338'><subfield code='a'>online resource</subfield><subfield code='b'>cr</subfield><subfield code='2'>rdacarrier</subfield></datafield><datafield ind1=' ' ind2=' ' tag='347'><subfield code='a'>text file</subfield><subfield code='b'>PDF</subfield><subfield code='2'>rda</subfield></datafield><datafield ind1='1' ind2=' ' tag='490'><subfield code='a'>New Frontiers in Regional Science: Asian Perspectives,</subfield><subfield code='x'>2199-5974 ;</subfield><subfield code='v'>25</subfield></datafield><datafield ind1=' ' ind2=' ' tag='504'><subfield code='a'>Includes bibliographical references at the end of each chapters.</subfield></datafield><datafield ind1=' ' ind2=' ' tag='588'><subfield code='a'>Description based on print version record.</subfield></datafield><datafield ind1='0' ind2=' ' tag='505'><subfield code='a'>Part 1. Sustainability and Regional labor Market -- 1. The Role of Cities in Sustainability Transitions: New Perspectives for Science and Policy -- 2. Exploring the Geography of Educational Segregation in Seoul, Korea -- 3. Labor Market Distortion with Discouraged Worker Effects in Korea -- Part 2. Industrial Agglomeration and Regional Policies -- 4Innovation of ICT Manufacturing and Agglomeration Economies: Evolution over the Life Cycle -- 5. Spatial Agglomeration and Firm Performance -- 6. Impact of Local Government Monetary and Fiscal Policies on Output Growth of Firms -- Part 3. Disaster and Impact Analysis -- 7. Assessment of Community Vulnerability to Natural Disasters in Korea by using GIS and Machine Learning Techniques -- 8.Indirect Impact of Nuclear Power Plant Accidents Using an Integrated Spatial Computable-General Equilibrium Model with a Microsimulation Module on the Korean Transportation Network -- 9. A New Framework to Quantifying the Economic Impacts of Cyber-Attacks on Aviation Systems: A Korean Game-Theoretic Interregional Economic Model -- Part 4. Environmental Sustainability and Policies -- 10. Effects of Urban Spatial structure on Travel Behavior and Transportation Energy Efficiency in Korea -- 11. Need for Coordination between Greenhouse Gas and Pollution Abatement Regulations: China’s Case and Its Implications for Korea -- 12. Effects of the Project Investments and Valuation of the Water Quality Improvement of the River Taehwa in Ulsan, Korea -- 13. Trade and Environmental Responsibility for Greenhouse Gas Emissions: The Case of South Korea.</subfield></datafield><datafield ind1=' ' ind2=' ' tag='520'><subfield code='a'>This book focuses on the application of newly innovated analytical tools for sustainable development on regional economic and environmental issues in Korea. With a range of case studies, the authors explore a series of theoretical models and empirical methods including spatial CCE Model, multiregional Input-Output and econometric analysis, logit model, contingent valuation method, GIS, sample selection model, machine learning technique, stochastic frontier analysis, and panel analysis. These models and methods are tailored to spatial development issues such as agglomeration, clustering and industrial innovation, human capital and labor market, education and R&amp;D investments and economic resilience for regional economies and unexpected disaster, and natural resources for environmental markets. Quantitative Regional Economic and Environmental Analysis for Sustainability in Korea is of particular interest to policy makers and practitioners, as well as research scholars active in sustainability science.</subfield></datafield><datafield ind1=' ' ind2='0' tag='650'><subfield code='a'>Sustainable development.</subfield></datafield><datafield ind1=' ' ind2='0' tag='650'><subfield code='a'>Development economics.</subfield></datafield><datafield ind1=' ' ind2='0' tag='650'><subfield code='a'>Environmental economics.</subfield></datafield><datafield ind1=' ' ind2='0' tag='650'><subfield code='a'>Regional economics.</subfield></datafield><datafield ind1=' ' ind2='0' tag='650'><subfield code='a'>Spatial economics.</subfield></datafield><datafield ind1='1' ind2='4' tag='650'><subfield code='a'>Economics.</subfield></datafield><datafield ind1='2' ind2='4' tag='650'><subfield code='a'>Environmental Economics.</subfield></datafield><datafield ind1='2' ind2='4' tag='650'><subfield code='a'>Sustainable Development.</subfield></datafield><datafield ind1='2' ind2='4' tag='650'><subfield code='a'>Regional/Spatial Science.</subfield></datafield><datafield ind1='2' ind2='4' tag='650'><subfield code='a'>Development Economics.</subfield></datafield><datafield ind1=' ' ind2='0' tag='651'><subfield code='a'>Korea</subfield><subfield code='x'>Economic conditions.</subfield></datafield><datafield ind1=' ' ind2='4' tag='655'><subfield code='a'>Electronic books.</subfield></datafield><datafield ind1=' ' ind2=' ' tag='776'><subfield code='z'>981-10-0298-3</subfield></datafield><datafield ind1='1' ind2=' ' tag='700'><subfield code='a'>Kim, Euijune.</subfield><subfield code='e'>editor.</subfield></datafield><datafield ind1='1' ind2=' ' tag='700'><subfield code='a'>Kim, Brian H. S.</subfield><subfield code='e'>editor.</subfield></datafield><datafield ind1=' ' ind2='0' tag='830'><subfield code='a'>New Frontiers in Regional Science: Asian Perspectives,</subfield><subfield code='x'>2199-5974 ;</subfield><subfield code='v'>25</subfield></datafield><datafield ind1=' ' ind2=' ' tag='906'><subfield code='a'>BOOK</subfield></datafield><datafield ind1=' ' ind2=' ' tag='ADM'><subfield code='b'>2018-02-25 21:58:59</subfield><subfield code='e'>993710000000934810</subfield><subfield code='d'>NON_SFX</subfield><subfield code='f'>20161107081527.0</subfield><subfield code='a'>2016-11-12 17:37:47</subfield><subfield code='c'>false</subfield></datafield><datafield ind1=' ' ind2=' ' tag='PRT'><subfield code='a'>53366948190003811</subfield><subfield code='b'>https://sandbox01-na.alma.exlibrisgroup.com/view/uresolver/01TULI_INST/openurl?u.ignore_date_coverage=true&amp;rft.mms_id=991036802199203811</subfield><subfield code='e'>Springer Link</subfield><subfield code='9'>Available</subfield><subfield code='c'>SpringerLink Books Complete</subfield><subfield code='h'>611000000000001381</subfield><subfield code='8'>53366948190003811</subfield></datafield></record>