
<record xmlns='http://www.loc.gov/MARC21/slim'><leader>05343nam  2200589 a 4500</leader><controlfield tag='001'>991036736361503811</controlfield><controlfield tag='005'>20180112015915.0</controlfield><controlfield tag='006'>m     o  d |      </controlfield><controlfield tag='008'>120621s2013    nyu     ob    000 0 eng d</controlfield><datafield ind1=' ' ind2=' ' tag='010'><subfield code='z'>  2012025044</subfield></datafield><datafield ind1=' ' ind2=' ' tag='020'><subfield code='a'>0-8261-0830-X</subfield></datafield><datafield ind1=' ' ind2=' ' tag='035'><subfield code='a'>(CKB)2670000000275308</subfield></datafield><datafield ind1=' ' ind2=' ' tag='035'><subfield code='a'>(EBL)1037860</subfield></datafield><datafield ind1=' ' ind2=' ' tag='035'><subfield code='a'>(OCoLC)818817002</subfield></datafield><datafield ind1=' ' ind2=' ' tag='035'><subfield code='a'>(SSID)ssj0000721270</subfield></datafield><datafield ind1=' ' ind2=' ' tag='035'><subfield code='a'>(PQKBManifestationID)12285814</subfield></datafield><datafield ind1=' ' ind2=' ' tag='035'><subfield code='a'>(PQKBTitleCode)TC0000721270</subfield></datafield><datafield ind1=' ' ind2=' ' tag='035'><subfield code='a'>(PQKBWorkID)10706661</subfield></datafield><datafield ind1=' ' ind2=' ' tag='035'><subfield code='a'>(PQKB)10924987</subfield></datafield><datafield ind1=' ' ind2=' ' tag='035'><subfield code='a'>(MiAaPQ)EBC1037860</subfield></datafield><datafield ind1=' ' ind2=' ' tag='035'><subfield code='a'>(EXLCZ)992670000000275308</subfield></datafield><datafield ind1=' ' ind2=' ' tag='040'><subfield code='a'>MiAaPQ</subfield><subfield code='c'>MiAaPQ</subfield><subfield code='d'>MiAaPQ</subfield></datafield><datafield ind1=' ' ind2=' ' tag='041'><subfield code='a'>eng</subfield></datafield><datafield ind1=' ' ind2=' ' tag='043'><subfield code='a'>n-us---</subfield></datafield><datafield ind1=' ' ind2='4' tag='050'><subfield code='a'>HV699</subfield><subfield code='b'>.M85 2013</subfield></datafield><datafield ind1='0' ind2='0' tag='082'><subfield code='a'>362.82/5320973</subfield><subfield code='a'>362.82532097</subfield><subfield code='a'>362.825320973</subfield></datafield><datafield ind1='1' ind2=' ' tag='100'><subfield code='a'>Congress, Elaine.</subfield></datafield><datafield ind1='0' ind2='0' tag='245'><subfield code='a'>Multicultural perspectives in social work practice with families</subfield><subfield code='h'>[electronic resource] /</subfield><subfield code='c'>Elaine P. Congress, Manny J. González, editors.</subfield></datafield><datafield ind1=' ' ind2=' ' tag='250'><subfield code='a'>3rd ed.</subfield></datafield><datafield ind1=' ' ind2=' ' tag='260'><subfield code='a'>New York :</subfield><subfield code='b'>Springer Pub. Co.,</subfield><subfield code='c'>c2013.</subfield></datafield><datafield ind1=' ' ind2=' ' tag='300'><subfield code='a'>1 online resource (409 p.)</subfield></datafield><datafield ind1=' ' ind2=' ' tag='336'><subfield code='a'>text</subfield><subfield code='b'>txt</subfield></datafield><datafield ind1=' ' ind2=' ' tag='337'><subfield code='a'>computer</subfield><subfield code='b'>c</subfield></datafield><datafield ind1=' ' ind2=' ' tag='338'><subfield code='a'>online resource</subfield><subfield code='b'>cr</subfield></datafield><datafield ind1=' ' ind2=' ' tag='500'><subfield code='a'>Description based upon print version of record.</subfield></datafield><datafield ind1='0' ind2=' ' tag='505'><subfield code='a'>Cover; Halftitle; Title page; Copyright; Dedication; Contents; Contributors; Foreword Peter B. Vaughan, PhD; Preface; 1. Using the Culturagram to Assess and Empower Culturally Diverse Families; Elaine P. Congress and Winnie W. Kung; The Culturagram; Case Vignette; 2. Family and Group Approaches With Culturally Diverse Families:A Dialogue to Increase Collaboration; Elaine P. Congress and Maxine Lynn; Case Vignette; Systems Theory; Inclusion; Engagement; Assessment; Contracting; Clinical Issues in Family Therapy and Group Work; Treatment Models and Techniques; Termination</subfield></datafield><datafield ind1='8' ind2=' ' tag='505'><subfield code='a'>Conclusions and Recommendations 3. Evidence-Based Practice With Ethnically Diverse Clients; Manny J. González; Evidence-Based Practice and Cultural Competence in Mental Health Care; Conceptual Frameworks for the Cultural Adaptation of Evidence-Based Treatments; Culturally Adapted Cognitive-Behavioral Therapy; Conclusion; 4. Managing Agencies for Multicultural Services; Manoj Pardasani and Lauri Goldkind; The Changing Demographics of the Nation and the Social Work Practice Field; The Changing U.S. Workforce; Who Are the Leaders in Human Services?; Defining Cultural Competence and Multiculturalism</subfield></datafield><datafield ind1='8' ind2=' ' tag='505'><subfield code='a'>5. The Multicultural Triangle of the Child, the Family,and the School: Culturally Competent Approaches Carmen Ortiz Hendricks; The Multicultural Triangle; Case Vignettes; Family Identity; School Performance; Educational Policies and Practices; Culturally Competent School Social Workers; Conclusions; 6. Clinical Practice With Multicultural Adolescents; Samuel R. Aymer; Overview of Adolescent Development; Sociocultural Influences and Identity Development; Racial and Ethnic Identity Development; Case Vignette; Discussion of the Assessment Process; Charles&apos;s Individual Dynamics; Conclusion</subfield></datafield><datafield ind1='8' ind2=' ' tag='505'><subfield code='a'>7. Contingent But Resilient: The Plight of Young, Male Day Laborers in the United States Gregory Acevedo and Rafael Perez; Young, Male Day Laborers; The Nature of Day Labor; Legal Issues and Day Labor; Working With Day Laborers; 8. Working With Culturally Diverse Older Adults; Irene A. Gutheil and Janna C. Heyman; Health Concerns; Economics; Assessment; Service Utilization; Cross-Cultural Practice; Case Vignette and Treatment Approaches; Conclusion; 9. Grandparents Raising Grandchildren From a Multicultural Perspective; Carole B. Cox; Characteristics of Grandparent Caregivers</subfield></datafield><datafield ind1='8' ind2=' ' tag='505'><subfield code='a'>Ethnicity and Culture African American Culture and Grandparents; Empowerment Groups With African American and Hispanic Grandparents; Summary; 10. An Afrocentric Approach to Working With African American Families; Samuel R. Aymer; Historical Overview; Slave Trauma Syndrome; Afrocentricity; Relational and Narrative Lenses in Family Therapy; The Nguzo Saba as Foundation for Treatment; Treatment Implications; Conclusion; 11. Clinical Practice With Hispanic Individuals and Families:An Ecological Perspective; Manny J. González and Gregory Acevedo</subfield></datafield><datafield ind1='8' ind2=' ' tag='505'><subfield code='a'>Cultural Characteristics of Hispanic Individuals and Families</subfield></datafield><datafield ind1=' ' ind2=' ' tag='520'><subfield code='a'>Encompassing the most current issues faced by multicultural families across the lifespan and the social workers who serve them, this popular textbook contains ten new chapters and provides content that has been significantly expanded throughout. These new and reconceived chapters offer professors and social work graduate students a broader and more comprehensive take on the key issues that arise when treating families from diverse cultural backgrounds and current, evidence-based models for assessment and treatment. New chapters include:.: Evidence-based models of care for ethnically-diverse</subfield></datafield><datafield ind1=' ' ind2=' ' tag='546'><subfield code='a'>English</subfield></datafield><datafield ind1=' ' ind2=' ' tag='504'><subfield code='a'>Includes bibliographical references.</subfield></datafield><datafield ind1=' ' ind2='0' tag='650'><subfield code='a'>Family social work</subfield><subfield code='z'>United States.</subfield></datafield><datafield ind1=' ' ind2='0' tag='650'><subfield code='a'>Minorities</subfield><subfield code='x'>Services for</subfield><subfield code='z'>United States.</subfield></datafield><datafield ind1=' ' ind2='0' tag='650'><subfield code='a'>Ethnicity</subfield><subfield code='z'>United States.</subfield></datafield><datafield ind1=' ' ind2='0' tag='650'><subfield code='a'>Multiculturalism</subfield><subfield code='z'>United States.</subfield></datafield><datafield ind1=' ' ind2='4' tag='655'><subfield code='a'>Electronic books.</subfield></datafield><datafield ind1=' ' ind2=' ' tag='776'><subfield code='z'>0-8261-0829-6</subfield></datafield><datafield ind1='1' ind2=' ' tag='700'><subfield code='a'>Congress, Elaine Piller.</subfield></datafield><datafield ind1='1' ind2=' ' tag='700'><subfield code='a'>González, Manny J.</subfield></datafield><datafield ind1=' ' ind2=' ' tag='906'><subfield code='a'>BOOK</subfield></datafield><datafield ind1=' ' ind2=' ' tag='PRT'><subfield code='a'>53424207660003811</subfield><subfield code='b'>https://sandbox01-na.alma.exlibrisgroup.com/view/uresolver/01TULI_INST/openurl?u.ignore_date_coverage=true&amp;rft.mms_id=991036736361503811</subfield><subfield code='e'>Ebook Central</subfield><subfield code='c'>Ebook Central College Complete</subfield><subfield code='h'>614330000000000032</subfield><subfield code='8'>53424207660003811</subfield></datafield><datafield ind1=' ' ind2=' ' tag='PRT'><subfield code='a'>53392206490003811</subfield><subfield code='b'>https://sandbox01-na.alma.exlibrisgroup.com/view/uresolver/01TULI_INST/openurl?u.ignore_date_coverage=true&amp;rft.mms_id=991036736361503811</subfield><subfield code='e'>EBSCOhost</subfield><subfield code='c'>EBSCOhost Academic eBook Collection (North America)</subfield><subfield code='h'>613640000000000029</subfield><subfield code='8'>53392206490003811</subfield></datafield><datafield ind1=' ' ind2=' ' tag='PRT'><subfield code='a'>53422217610003811</subfield><subfield code='b'>https://sandbox01-na.alma.exlibrisgroup.com/view/uresolver/01TULI_INST/openurl?u.ignore_date_coverage=true&amp;rft.mms_id=991036736361503811</subfield><subfield code='e'>Ebook Central</subfield><subfield code='c'>Ebook Central Academic Complete</subfield><subfield code='h'>614200000000000002</subfield><subfield code='8'>53422217610003811</subfield></datafield><datafield ind1=' ' ind2=' ' tag='PRT'><subfield code='a'>53396556780003811</subfield><subfield code='b'>https://sandbox01-na.alma.exlibrisgroup.com/view/uresolver/01TULI_INST/openurl?u.ignore_date_coverage=true&amp;rft.mms_id=991036736361503811</subfield><subfield code='e'>EBSCOhost</subfield><subfield code='c'>EBSCOhost eBook Community College Collection</subfield><subfield code='h'>613860000000000003</subfield><subfield code='8'>53396556780003811</subfield></datafield></record>