
<record xmlns='http://www.loc.gov/MARC21/slim'><leader>01626nam  2200385 i 4500</leader><controlfield tag='001'>991036747072103811</controlfield><controlfield tag='005'>20170816153054.0</controlfield><controlfield tag='006'>m     o  d |      </controlfield><controlfield tag='007'>cr -n---------</controlfield><controlfield tag='008'>140214t20142014enkab   ob    001 0 eng d</controlfield><datafield ind1=' ' ind2=' ' tag='010'><subfield code='a'>2013039428</subfield></datafield><datafield ind1=' ' ind2=' ' tag='020'><subfield code='a'>1-118-81933-0</subfield></datafield><datafield ind1=' ' ind2=' ' tag='020'><subfield code='a'>1-118-81931-4</subfield></datafield><datafield ind1=' ' ind2=' ' tag='020'><subfield code='a'>1-118-81929-2</subfield></datafield><datafield ind1=' ' ind2=' ' tag='035'><subfield code='a'>(CKB)2550000001198367</subfield></datafield><datafield ind1=' ' ind2=' ' tag='035'><subfield code='a'>(EBL)1603105</subfield></datafield><datafield ind1=' ' ind2=' ' tag='035'><subfield code='a'>(SSID)ssj0001113483</subfield></datafield><datafield ind1=' ' ind2=' ' tag='035'><subfield code='a'>(PQKBManifestationID)11732084</subfield></datafield><datafield ind1=' ' ind2=' ' tag='035'><subfield code='a'>(PQKBTitleCode)TC0001113483</subfield></datafield><datafield ind1=' ' ind2=' ' tag='035'><subfield code='a'>(PQKBWorkID)11176605</subfield></datafield><datafield ind1=' ' ind2=' ' tag='035'><subfield code='a'>(PQKB)10242723</subfield></datafield><datafield ind1=' ' ind2=' ' tag='035'><subfield code='a'>(OCoLC)874157780</subfield></datafield><datafield ind1=' ' ind2=' ' tag='035'><subfield code='a'>(MiAaPQ)EBC1603105</subfield></datafield><datafield ind1=' ' ind2=' ' tag='035'><subfield code='a'>(EXLCZ)992550000001198367</subfield></datafield><datafield ind1=' ' ind2=' ' tag='040'><subfield code='a'>MiAaPQ</subfield><subfield code='b'>eng</subfield><subfield code='e'>rda</subfield><subfield code='e'>pn</subfield><subfield code='c'>MiAaPQ</subfield><subfield code='d'>MiAaPQ</subfield></datafield><datafield ind1=' ' ind2=' ' tag='041'><subfield code='a'>eng</subfield></datafield><datafield ind1=' ' ind2=' ' tag='043'><subfield code='a'>mm-----</subfield></datafield><datafield ind1=' ' ind2='4' tag='050'><subfield code='a'>HD2055.7</subfield><subfield code='b'>.H35 2014</subfield></datafield><datafield ind1='0' ind2='0' tag='082'><subfield code='a'>630.937</subfield></datafield><datafield ind1='1' ind2=' ' tag='100'><subfield code='a'>Halstead, Paul.</subfield></datafield><datafield ind1='1' ind2='0' tag='245'><subfield code='a'>Two oxen ahead :</subfield><subfield code='b'>pre-mechanized farming in the Mediterranean /</subfield><subfield code='c'>Paul Halstead ; Simon Levy, cover design.</subfield></datafield><datafield ind1=' ' ind2='1' tag='264'><subfield code='a'>Cambridge, England :</subfield><subfield code='b'>Wiley Blackwell,</subfield><subfield code='c'>2014.</subfield></datafield><datafield ind1=' ' ind2='4' tag='264'><subfield code='c'>©2014</subfield></datafield><datafield ind1=' ' ind2=' ' tag='300'><subfield code='a'>1 online resource (386 p.)</subfield></datafield><datafield ind1=' ' ind2=' ' tag='336'><subfield code='a'>text</subfield><subfield code='b'>txt</subfield></datafield><datafield ind1=' ' ind2=' ' tag='337'><subfield code='a'>computer</subfield><subfield code='b'>c</subfield></datafield><datafield ind1=' ' ind2=' ' tag='338'><subfield code='a'>online resource</subfield><subfield code='b'>cr</subfield></datafield><datafield ind1=' ' ind2=' ' tag='500'><subfield code='a'>Description based upon print version of record.</subfield></datafield><datafield ind1='0' ind2=' ' tag='505'><subfield code='a'>Two Oxen Ahead: Pre-Mechanized Farming in the Mediterranean; Copyright; Contents; Preface; Acknowledgments; 1 Introduction: Mediterranean Farming between Longue Durée and Contingency; 1.1 Fieldwork; 1.2 Scales of Analysis; References; 2 Working the Earth: Tillage and Sowing; 2.1 Two-Oxen Households in Paliambela; 2.2 Scratching a Living in the Hills of Messenia; 2.3 Tillage Time and Sowing Season from Assiros to Asturias; 2.4 Juggling with Seedcorn; 2.5 Flexible Farmers; 2.6 Ard, Hoe, and Scale of Cultivation; 2.6.1 Ard versus hoe: Benefits; 2.6.2 Ard versus hoe: Costs</subfield></datafield><datafield ind1='8' ind2=' ' tag='505'><subfield code='a'>2.6.3 On balance: Hoe or ard, cows or oxen?2.7 Tillage and Sowing in the Past; References; 3 Harvest Time; 3.1 Amorgos: From Field to Threshing Floor; 3.2 When to Reap; 3.3 What and How to Reap; 3.4 After Reaping: Binding, Drying, and Transporting the Harvest; 3.5 Who and How many to Reap; 3.6 Harvest Ceremonies; 3.7 Reaping in the Past; References; 4 Sorting the Wheat from the Chaff; 4.1 Amorgos: On and After the Threshing Floor; 4.2 Ways of Threshing; 4.3 Ways of Winnowing and Coarse Sieving; 4.4 Cleaning for Storage and Consumption; 4.5 Storage; 4.6 Consumption</subfield></datafield><datafield ind1='8' ind2=' ' tag='505'><subfield code='a'>4.7 Questions of Scale: Labor and Time Stress4.8 Threshing Floor Customs; 4.9 Crop Processing in the Past; References; 5 Managing the Land: Coping with Failure and Planning for Success; 5.1 Watching the Corn Grow; 5.2 Planning for Success: Fallowing and Rotation; 5.2.1 Fallowing; 5.2.2 Crop rotation; 5.2.3 Fallowing and rotation in space; 5.2.4 Hedging bets: Mixed cropping; 5.3 Planning for success: Manuring; 5.3.1 Stall manure; 5.3.2 Manuring by folded livestock; 5.3.3 Manuring by grazing livestock; 5.4 Planning for success, Mitigating Failure: Irrigation; 5.5 Averting Failure: Weeding</subfield></datafield><datafield ind1='8' ind2=' ' tag='505'><subfield code='a'>5.6 Crop Husbandry and Crop Yields5.7 Crop Husbandry and Yields in the Past; References; 6 Family Planning: Land, Labor, and Livestock; 6.1 Clearance; 6.1.1 Uprooting deciduous woodland in lowland northern Greece; 6.1.2 Opening up the maquis in southern Greece; 6.1.3 Shifting cultivation: From Crete to Asturias; 6.1.4 Slashing, burning, and shifting; 6.2 Long-term Improvement: Deep Tillage, Terracing, and Enclosure; 6.3 Extending and Improving Cultivable Land: Drainage and Irrigation; 6.4 Counting the Cost of Extension and Improvement; 6.5 Subsistence and Cash Crops</subfield></datafield><datafield ind1='8' ind2=' ' tag='505'><subfield code='a'>6.6 Mixed Farming: Livestock6.7 Labor, Land, and Livestock: The Domestic Cycle; 6.8 Household and Community; 6.9 Land, Labor, and Livestock in the Past; References; 7 Homo agronomicus? Mediterranean Farming, Present and Past; 7.1 Analogies for the past: &quot;Matters of fact&quot; and &quot;Matters of Interest&quot;; 7.2 Cultural Reason; 7.3 Environmental and Technological Constraints; 7.4 Practical Reason: Costs, Benefits, and Knowledgeable Farmers; 7.5 Ancient Farmers: Knowledgeable and Rational?; 7.6 Farming in the Mediterranean: Analogy and Change; References; Glossary; Index</subfield></datafield><datafield ind1=' ' ind2=' ' tag='520'><subfield code='a'> This revealing study shows how careful analysis of recent farming practices, and related cultural traditions, in communities around the Mediterranean can enhance our understanding of prehistoric and Greco-Roman societies. Includes a wealth of original interview material and data from field observationProvides original approaches to understanding past farming practices and their social contextsOffers a revealing comparative perspective on Mediterranean societies&apos; agronomyIdentifies a number of previously unrecorded climate-related contrasts in farming pr</subfield></datafield><datafield ind1=' ' ind2=' ' tag='546'><subfield code='a'>English</subfield></datafield><datafield ind1=' ' ind2=' ' tag='504'><subfield code='a'>Includes bibliographical references at the end of each chapters and index.</subfield></datafield><datafield ind1=' ' ind2=' ' tag='588'><subfield code='a'>Description based on print version record.</subfield></datafield><datafield ind1=' ' ind2='0' tag='650'><subfield code='a'>Agriculture</subfield><subfield code='x'>Economic aspects</subfield><subfield code='z'>Mediterranean Region.</subfield></datafield><datafield ind1=' ' ind2='0' tag='650'><subfield code='a'>Farm management</subfield><subfield code='z'>Mediterranean Region.</subfield></datafield><datafield ind1=' ' ind2='0' tag='650'><subfield code='a'>Land use, Rural</subfield><subfield code='z'>Mediterranean Region.</subfield></datafield><datafield ind1=' ' ind2='4' tag='655'><subfield code='a'>Electronic books.</subfield></datafield><datafield ind1=' ' ind2=' ' tag='776'><subfield code='z'>1-306-40348-0</subfield></datafield><datafield ind1=' ' ind2=' ' tag='776'><subfield code='z'>1-4051-9283-6</subfield></datafield><datafield ind1='1' ind2=' ' tag='700'><subfield code='a'>Levy, Simon.</subfield></datafield><datafield ind1=' ' ind2=' ' tag='906'><subfield code='a'>BOOK</subfield></datafield><datafield ind1=' ' ind2=' ' tag='PRT'><subfield code='a'>53422438630003811</subfield><subfield code='b'>https://sandbox01-na.alma.exlibrisgroup.com/view/uresolver/01TULI_INST/openurl?u.ignore_date_coverage=true&amp;rft.mms_id=991036747072103811</subfield><subfield code='e'>Ebook Central</subfield><subfield code='c'>Ebook Central Academic Complete</subfield><subfield code='h'>614200000000000002</subfield><subfield code='8'>53422438630003811</subfield></datafield><datafield ind1=' ' ind2=' ' tag='PRT'><subfield code='a'>53363522890003811</subfield><subfield code='b'>https://sandbox01-na.alma.exlibrisgroup.com/view/uresolver/01TULI_INST/openurl?u.ignore_date_coverage=true&amp;rft.mms_id=991036747072103811</subfield><subfield code='e'>Wiley Online Library</subfield><subfield code='c'>Wiley Online Library UBCM all Online Books</subfield><subfield code='h'>613800000000000218</subfield><subfield code='8'>53363522890003811</subfield></datafield></record>