
<record xmlns='http://www.loc.gov/MARC21/slim'><leader>03528cam a2200409 a 4500</leader><controlfield tag='005'>20180315171801.0</controlfield><controlfield tag='008'>081208s2009    enka     b    001 0 eng  </controlfield><controlfield tag='001'>991008381129703811</controlfield><datafield ind1=' ' ind2=' ' tag='010'><subfield code='a'>2008050954</subfield></datafield><datafield ind1=' ' ind2=' ' tag='020'><subfield code='a'>9780415778084 (hbk.)</subfield></datafield><datafield ind1=' ' ind2=' ' tag='020'><subfield code='a'>0415778085 (hbk.)</subfield></datafield><datafield ind1=' ' ind2=' ' tag='020'><subfield code='a'>9780203876701 (ebk.)</subfield></datafield><datafield ind1=' ' ind2=' ' tag='020'><subfield code='a'>0203876709 (ebk.)</subfield></datafield><datafield ind1=' ' ind2=' ' tag='035'><subfield code='a'>(PPT)b45715026-01tuli_inst</subfield></datafield><datafield ind1=' ' ind2=' ' tag='035'><subfield code='a'>(OCoLC)ocn723449138</subfield><subfield code='9'>ExL</subfield></datafield><datafield ind1=' ' ind2=' ' tag='035'><subfield code='a'>(OCoLC)278980756</subfield><subfield code='z'>(OCoLC)312626153</subfield></datafield><datafield ind1=' ' ind2=' ' tag='035'><subfield code='a'>ocn278980756</subfield></datafield><datafield ind1=' ' ind2=' ' tag='035'><subfield code='a'>(OCLC)ocn278980756</subfield></datafield><datafield ind1=' ' ind2=' ' tag='040'><subfield code='a'>DLC</subfield><subfield code='c'>DLC</subfield><subfield code='d'>BTCTA</subfield><subfield code='d'>YDXCP</subfield><subfield code='d'>BWKUK</subfield><subfield code='d'>BWK</subfield><subfield code='d'>CDX</subfield><subfield code='d'>UKM</subfield><subfield code='d'>YHM</subfield><subfield code='d'>GEBAY</subfield><subfield code='d'>OXF</subfield><subfield code='d'>ZWZ</subfield></datafield><datafield ind1=' ' ind2=' ' tag='049'><subfield code='a'>IG$A</subfield></datafield><datafield ind1=' ' ind2=' ' tag='079'><subfield code='a'>ocn278980756</subfield></datafield><datafield ind1=' ' ind2=' ' tag='090'><subfield code='a'>HB172.5</subfield><subfield code='b'>.H48 2009</subfield></datafield><datafield ind1='0' ind2='0' tag='245'><subfield code='a'>Heterodox macroeconomics :</subfield><subfield code='b'>Keynes, Marx and globalization /</subfield><subfield code='c'>edited by Jonathan P. Goldstein and Michael G. Hillard.</subfield></datafield><datafield ind1=' ' ind2=' ' tag='260'><subfield code='a'>London ;</subfield><subfield code='a'>New York :</subfield><subfield code='b'>Routledge,</subfield><subfield code='c'>2009.</subfield></datafield><datafield ind1=' ' ind2=' ' tag='300'><subfield code='a'>xix, 280 p. :</subfield><subfield code='b'>ill. ;</subfield><subfield code='c'>25 cm.</subfield></datafield><datafield ind1='1' ind2=' ' tag='490'><subfield code='a'>Routledge advances in heterodox economics ;</subfield><subfield code='v'>5</subfield></datafield><datafield ind1=' ' ind2=' ' tag='504'><subfield code='a'>Includes bibliographical references and index.</subfield></datafield><datafield ind1='0' ind2='0' tag='505'><subfield code='g'>Part I.</subfield><subfield code='t'>Heterodox macroeconomics and the Keynes-Marx synthesis --</subfield><subfield code='t'>Introduction : a second-generation synthesis of heterodox macroeconomic principles /</subfield><subfield code='r'>Jonathan P. Goldstein and Michael G. Hillard --</subfield><subfield code='g'>The</subfield><subfield code='t'>central core of heterodox macroeconomics /</subfield><subfield code='r'>Malcolm Sawyer --</subfield><subfield code='g'>An</subfield><subfield code='t'>introduction to a unified heterodox macroeconomic theory /</subfield><subfield code='r'>Jonathan P. Goldstein --</subfield><subfield code='t'>Methodology and heterodox economics /</subfield><subfield code='r'>Martin H. Wolfson --</subfield><subfield code='t'>Does heterodox economics need a unified crisis theory ? : from profit-squeeze to the global liquidity meltdown /</subfield><subfield code='r'>Gary A. Dymski --</subfield><subfield code='g'>The</subfield><subfield code='t'>current crisis in macroeconomic theory  /</subfield><subfield code='r'>Bill Gibson --</subfield><subfield code='g'>Part II.</subfield><subfield code='t'>Accumulation, crisis and instability --</subfield><subfield code='t'>Modern business behavior : the theory of the active firm /</subfield><subfield code='r'>Steven M. Fazzari --</subfield><subfield code='g'>A</subfield><subfield code='t'>Keynes-Marx theory of investment /</subfield><subfield code='r'>Jonathan P. Goldstein --</subfield><subfield code='t'>Did financialization increase macroeconomic fragility? : an analysis of the US nonfinancial corporate sector /</subfield><subfield code='r'>Özgür Orhangazi --</subfield><subfield code='t'>Marx, Minsky and Crotty on crises in capitalism /</subfield><subfield code='r'>Fred Moseley --</subfield><subfield code='t'>Labor demand under strategic competition and the cyclical profit squeeze /</subfield><subfield code='r'>Michele I. Naples --</subfield><subfield code='g'>Part III.</subfield><subfield code='t'>The macrodynamics of the neoliberal regime --</subfield><subfield code='t'>Cyclical labor shares under Keynesian and neoliberal regimes /</subfield><subfield code='r'>Raford Boddy --</subfield><subfield code='t'>Economic crisis and institutional structures : a comparison of regulated and neoliberal capitalism in the USA /</subfield><subfield code='r'>David M. Kotz --</subfield><subfield code='t'>Historically contingent, institutionally specific : class struggles and American employer exceptionalism in the age of neoliberal globalization /</subfield><subfield code='r'>Michael G. Hillard and Richard McIntyre --</subfield><subfield code='t'>Unequal exchange reconsidered in our age of globalization /</subfield><subfield code='r'>Makoto Itoh --</subfield><subfield code='t'>From capital controls and miraculous growth to financial globalization and the financial crisis in Korea /</subfield><subfield code='r'>Kang-Kook Lee --</subfield><subfield code='g'>Part IV.</subfield><subfield code='t'>Heterodox macroeconomic policy --</subfield><subfield code='t'>Keynes&apos; bourgeois socialism /</subfield><subfield code='r'>Soo Haeng Kim --</subfield><subfield code='g'>The</subfield><subfield code='t'>case of capital controls revisited /</subfield><subfield code='r'>Gerald Epstein --</subfield><subfield code='t'>Neo-liberal finance and third world (mal)development /</subfield><subfield code='r'>Ilene Grabel --</subfield><subfield code='g'>Part V.</subfield><subfield code='t'>Conclusion --</subfield><subfield code='t'>Heterodox macroeconomics and the current global financial crisis /</subfield><subfield code='r'>Jonathan P. Goldstein.</subfield></datafield><datafield ind1=' ' ind2='0' tag='650'><subfield code='a'>Macroeconomics.</subfield></datafield><datafield ind1='1' ind2=' ' tag='700'><subfield code='a'>Goldstein, Jonathan P.</subfield></datafield><datafield ind1='1' ind2=' ' tag='700'><subfield code='a'>Hillard, Michael G.</subfield></datafield><datafield ind1=' ' ind2='0' tag='830'><subfield code='a'>Routledge advances in heterodox economics ;</subfield><subfield code='v'>5.</subfield></datafield><datafield ind1=' ' ind2=' ' tag='907'><subfield code='a'>.b45715026</subfield><subfield code='b'>p    </subfield><subfield code='c'>-</subfield></datafield><datafield ind1=' ' ind2=' ' tag='945'><subfield code='l'>pstk </subfield><subfield code='g'>1</subfield></datafield><datafield ind1=' ' ind2=' ' tag='979'><subfield code='a'>ocn278980756</subfield></datafield><datafield ind1=' ' ind2=' ' tag='998'><subfield code='b'>1</subfield><subfield code='c'>110425</subfield><subfield code='d'>m</subfield><subfield code='e'>a</subfield><subfield code='f'>-</subfield><subfield code='g'>0</subfield></datafield><datafield ind1=' ' ind2=' ' tag='998'><subfield code='b'>1</subfield><subfield code='c'>110425</subfield><subfield code='d'>m</subfield><subfield code='e'>a</subfield><subfield code='f'>-</subfield><subfield code='g'>0</subfield></datafield><datafield ind1=' ' ind2=' ' tag='ADM'><subfield code='b'>2018-03-15 21:18:01</subfield><subfield code='e'>b45715026-01tuli_inst</subfield><subfield code='d'>ILS</subfield><subfield code='a'>2017-06-20 10:45:21</subfield><subfield code='c'>false</subfield></datafield><datafield ind1='0' ind2=' ' tag='HLD'><subfield code='b'>MAIN</subfield><subfield code='c'>stacks</subfield><subfield code='h'>HB172.5</subfield><subfield code='i'>.H48 2009</subfield><subfield code='8'>22305858570003811</subfield></datafield><datafield ind1=' ' ind2=' ' tag='ITM'><subfield code='r'>22305858570003811</subfield><subfield code='b'>1</subfield><subfield code='h'>0</subfield><subfield code='g'>stacks</subfield><subfield code='t'>BOOK</subfield><subfield code='9'>39074025974981</subfield><subfield code='e'>stacks</subfield><subfield code='8'>23305858560003811</subfield><subfield code='a'>0</subfield><subfield code='q'>2017-06-20 10:45:21</subfield><subfield code='i'>HB172.5 .H48 2009</subfield><subfield code='d'>MAIN</subfield><subfield code='f'>MAIN</subfield></datafield></record>