
<record xmlns='http://www.loc.gov/MARC21/slim'><leader>01168nam  2200313Ia 4500</leader><controlfield tag='001'>991036760108803811</controlfield><controlfield tag='005'>20170814172802.0</controlfield><controlfield tag='006'>m     o  d |      </controlfield><controlfield tag='007'>cr -n---------</controlfield><controlfield tag='008'>980320s1999    caua    ob    001 0 eng d</controlfield><datafield ind1=' ' ind2=' ' tag='010'><subfield code='z'>   98009070 </subfield></datafield><datafield ind1=' ' ind2=' ' tag='020'><subfield code='a'>0-8039-5510-3</subfield></datafield><datafield ind1=' ' ind2=' ' tag='020'><subfield code='a'>1-322-41294-4</subfield></datafield><datafield ind1=' ' ind2=' ' tag='020'><subfield code='a'>1-4522-1284-8</subfield></datafield><datafield ind1=' ' ind2=' ' tag='035'><subfield code='a'>(CKB)2550000000105721</subfield></datafield><datafield ind1=' ' ind2=' ' tag='035'><subfield code='a'>(EBL)996300</subfield></datafield><datafield ind1=' ' ind2=' ' tag='035'><subfield code='a'>(OCoLC)809771654</subfield></datafield><datafield ind1=' ' ind2=' ' tag='035'><subfield code='a'>(SSID)ssj0000675789</subfield></datafield><datafield ind1=' ' ind2=' ' tag='035'><subfield code='a'>(PQKBManifestationID)12236638</subfield></datafield><datafield ind1=' ' ind2=' ' tag='035'><subfield code='a'>(PQKBTitleCode)TC0000675789</subfield></datafield><datafield ind1=' ' ind2=' ' tag='035'><subfield code='a'>(PQKBWorkID)10670391</subfield></datafield><datafield ind1=' ' ind2=' ' tag='035'><subfield code='a'>(PQKB)11288528</subfield></datafield><datafield ind1=' ' ind2=' ' tag='035'><subfield code='a'>(MiAaPQ)EBC996300</subfield></datafield><datafield ind1=' ' ind2=' ' tag='035'><subfield code='a'>(EXLCZ)992550000000105721</subfield></datafield><datafield ind1=' ' ind2=' ' tag='040'><subfield code='a'>MiAaPQ</subfield><subfield code='c'>MiAaPQ</subfield><subfield code='d'>MiAaPQ</subfield></datafield><datafield ind1=' ' ind2=' ' tag='041'><subfield code='a'>eng</subfield></datafield><datafield ind1=' ' ind2='4' tag='050'><subfield code='a'>HD58.8</subfield><subfield code='b'>.H3673 1999</subfield></datafield><datafield ind1='0' ind2='0' tag='082'><subfield code='a'>302.35</subfield><subfield code='a'>658.4063</subfield></datafield><datafield ind1='1' ind2=' ' tag='100'><subfield code='a'>Harrison, Michael I.</subfield></datafield><datafield ind1='1' ind2='0' tag='245'><subfield code='a'>Organizational diagnosis and assessment</subfield><subfield code='h'>[electronic resource] :</subfield><subfield code='b'>bridging theory and practice /</subfield><subfield code='c'>Michael I. Harrison, Arie Shirom.</subfield></datafield><datafield ind1=' ' ind2=' ' tag='260'><subfield code='a'>Thousand Oaks, Calif. :</subfield><subfield code='b'>Sage Publications,</subfield><subfield code='c'>c1999.</subfield></datafield><datafield ind1=' ' ind2=' ' tag='300'><subfield code='a'>1 online resource (497 p.)</subfield></datafield><datafield ind1=' ' ind2=' ' tag='336'><subfield code='a'>text</subfield><subfield code='b'>txt</subfield></datafield><datafield ind1=' ' ind2=' ' tag='337'><subfield code='a'>computer</subfield><subfield code='b'>c</subfield></datafield><datafield ind1=' ' ind2=' ' tag='338'><subfield code='a'>online resource</subfield><subfield code='b'>cr</subfield></datafield><datafield ind1=' ' ind2=' ' tag='500'><subfield code='a'>Description based upon print version of record.</subfield></datafield><datafield ind1='0' ind2=' ' tag='505'><subfield code='a'>Cover; Contents; Preface; Part I - Foundations; Chapter 1 - Frames and Models in Organizational Diagnosis; Diagnosis and the Management of Change; Models and Frames in Diagnosis; Sharp-Image Diagnosis; Diagnosis in Context; Effective Diagnosis; Chapter 2 - Applying the Open-Systems Frame; Background; Framework for Open-Systems Analysis; Diagnostic Principles and Procedures; Conclusion; Chapter 3 - Assessing Effectiveness and Ineffectiveness; Political Approaches to Diagnosis; Choosing Effectiveness Criteria; Conclusion; Chapter 4 - Diagnostic Models in Use; What Makes a Good Diagnostic Model?</subfield></datafield><datafield ind1='8' ind2=' ' tag='505'><subfield code='a'>Collaborative Applications of Open-Systems ModelsMaking Systems Simple: The Six-Box Model; Diagnosis in Stream Analysis; Conclusion; Chapter 5 - Diagnosing Organizational Politics; Politics of Diagnosis; Diagnosing the Politics of Planned Change; Diagnosing Organizational Politics; Conclusion; Part II - Focal Areas; Chapter 6 - Group Performance; Systems Framework for Diagnosing Group Behavior; Action Model for Group Task Performance; Conclusion; Chapter 7 - Organization Design; Contributing to Design Projects; Organization-Level Design; Design within Divisions and Units; Conclusion</subfield></datafield><datafield ind1='8' ind2=' ' tag='505'><subfield code='a'>Chapter 8 - Human Resource ManagementHRM Program Evaluation; Benchmarking; Assessing HRM&apos;s Strategic Contribution; Utility Analysis; Stakeholder Assessment; Conclusion; Chapter 9 - Emergent Behavior and Workforce Diversity; Gaps between Emergent Behavior and Official Mandates; Workforce Diversity; Conclusion; Chapter 10 - Organizational Culture; Framing Culture; Diagnosing Culture; Data-Gathering Techniques; Conclusion; Part III - Applications; Chapter 11 - Diagnosis across the Organizational Life Cycle; Do Organizations Go through Life Cycle Stages?; Momentum versus Periodic Upheavals</subfield></datafield><datafield ind1='8' ind2=' ' tag='505'><subfield code='a'>Diagnosis during Life Cycle StagesOrganizational Decline; Conclusion; Chapter 12 - Labor Relations; Effectiveness and Ineffectiveness in Labor Relations Systems; Diagnostic Guidelines; Applying the Diagnostic Model; Future Development of the Model; Chapter 13 - Strategy Formation and Organizational Learning; Contingency Model of Strategic Decision Processes; Supporting Deliberate Strategies; Supporting Emerging Strategies; Contributing to Innovation and Organizational Learning; Conclusion; Chapter 14 - Diagnosing Macro Systems; Focusing on System Outcomes; Constructing a Diagnostic Model</subfield></datafield><datafield ind1='8' ind2=' ' tag='505'><subfield code='a'>ConclusionPart IV - Bridging Theory and Practice; Chapter 15 - Applying Multiple Theoretical Frames; Advantages of Multiframe Diagnosis; Theoretical Diversity and Diagnosis; Choosing Frames; Combining Frames; Conclusion; References; Index; About the Authors</subfield></datafield><datafield ind1=' ' ind2=' ' tag='520'><subfield code='a'> This book presents a distinctive approach to organizational consultation and planned change that reflects current research and theorizing about organizational change and effectiveness.  The authors draw on multiple analytical frameworks to produce empirically grounded models of sources of ineffectiveness and forces for change. The book offers workable solutions to critical problems and demonstrates ways to meet organizational challenges such as market downturns, technological change, and alliances with other organizations.  </subfield></datafield><datafield ind1=' ' ind2=' ' tag='546'><subfield code='a'>English</subfield></datafield><datafield ind1=' ' ind2=' ' tag='504'><subfield code='a'>Includes bibliographical references (p. 439-469) and index.</subfield></datafield><datafield ind1=' ' ind2='0' tag='650'><subfield code='a'>Organizational change.</subfield></datafield><datafield ind1=' ' ind2='0' tag='650'><subfield code='a'>Organization</subfield><subfield code='x'>Evaluation.</subfield></datafield><datafield ind1=' ' ind2='4' tag='655'><subfield code='a'>Electronic books.</subfield></datafield><datafield ind1=' ' ind2=' ' tag='776'><subfield code='z'>1-4522-2478-1</subfield></datafield><datafield ind1=' ' ind2=' ' tag='776'><subfield code='z'>0-8039-5511-1</subfield></datafield><datafield ind1='1' ind2=' ' tag='700'><subfield code='a'>Shirom, Arie.</subfield></datafield><datafield ind1=' ' ind2=' ' tag='906'><subfield code='a'>BOOK</subfield></datafield><datafield ind1=' ' ind2=' ' tag='ADM'><subfield code='b'>2018-01-19 22:00:36</subfield><subfield code='e'>992550000000105721</subfield><subfield code='d'>NON_SFX</subfield><subfield code='f'>20160803134623.0</subfield><subfield code='a'>2012-08-26 07:06:03</subfield><subfield code='c'>false</subfield></datafield><datafield ind1=' ' ind2=' ' tag='PRT'><subfield code='a'>53407724940003811</subfield><subfield code='b'>https://sandbox01-na.alma.exlibrisgroup.com/view/uresolver/01TULI_INST/openurl?u.ignore_date_coverage=true&amp;rft.mms_id=991036760108803811</subfield><subfield code='e'>SAGE</subfield><subfield code='9'>Available</subfield><subfield code='c'>SAGE Complete Books, Reference and Navigator Collection 2017</subfield><subfield code='h'>613850000000000738</subfield><subfield code='8'>53407724940003811</subfield></datafield></record>