
<record xmlns='http://www.loc.gov/MARC21/slim'><leader>01555nam  2200361 i 4500</leader><controlfield tag='001'>991036728670303811</controlfield><controlfield tag='005'>20170821163351.0</controlfield><controlfield tag='006'>m     o  d |      </controlfield><controlfield tag='007'>cr -n---------</controlfield><controlfield tag='008'>150601t20152015njua    ob    001 0 eng d</controlfield><datafield ind1=' ' ind2=' ' tag='010'><subfield code='a'>2015010027</subfield></datafield><datafield ind1=' ' ind2=' ' tag='020'><subfield code='a'>1-119-06559-3</subfield></datafield><datafield ind1=' ' ind2=' ' tag='020'><subfield code='a'>1-119-06556-9</subfield></datafield><datafield ind1=' ' ind2=' ' tag='035'><subfield code='a'>(CKB)2670000000617965</subfield></datafield><datafield ind1=' ' ind2=' ' tag='035'><subfield code='a'>(EBL)1896036</subfield></datafield><datafield ind1=' ' ind2=' ' tag='035'><subfield code='a'>(SSID)ssj0001482921</subfield></datafield><datafield ind1=' ' ind2=' ' tag='035'><subfield code='a'>(PQKBManifestationID)11892459</subfield></datafield><datafield ind1=' ' ind2=' ' tag='035'><subfield code='a'>(PQKBTitleCode)TC0001482921</subfield></datafield><datafield ind1=' ' ind2=' ' tag='035'><subfield code='a'>(PQKBWorkID)11412899</subfield></datafield><datafield ind1=' ' ind2=' ' tag='035'><subfield code='a'>(PQKB)10634432</subfield></datafield><datafield ind1=' ' ind2=' ' tag='035'><subfield code='a'>(MiAaPQ)EBC4040909</subfield></datafield><datafield ind1=' ' ind2=' ' tag='035'><subfield code='a'>(EXLCZ)992670000000617965</subfield></datafield><datafield ind1=' ' ind2=' ' tag='040'><subfield code='a'>MiAaPQ</subfield><subfield code='b'>eng</subfield><subfield code='e'>rda</subfield><subfield code='e'>pn</subfield><subfield code='c'>MiAaPQ</subfield><subfield code='d'>MiAaPQ</subfield></datafield><datafield ind1=' ' ind2=' ' tag='041'><subfield code='a'>eng</subfield></datafield><datafield ind1=' ' ind2='4' tag='050'><subfield code='a'>QA76.76.T48</subfield><subfield code='b'>.M56 2015</subfield></datafield><datafield ind1='0' ind2='0' tag='082'><subfield code='a'>005.1/4</subfield></datafield><datafield ind1='1' ind2=' ' tag='100'><subfield code='a'>Mili, Ali,</subfield><subfield code='e'>author.</subfield></datafield><datafield ind1='1' ind2='0' tag='245'><subfield code='a'>Software testing :</subfield><subfield code='b'>concepts and operations /</subfield><subfield code='c'>Ali Mili, Fairouz Tchier.</subfield></datafield><datafield ind1=' ' ind2='1' tag='264'><subfield code='a'>Hoboken, New Jersey :</subfield><subfield code='b'>John Wiley &amp; Sons, Inc.,</subfield><subfield code='c'>2015.</subfield></datafield><datafield ind1=' ' ind2='4' tag='264'><subfield code='c'>©2015</subfield></datafield><datafield ind1=' ' ind2=' ' tag='300'><subfield code='a'>1 online resource (401 p.)</subfield></datafield><datafield ind1=' ' ind2=' ' tag='336'><subfield code='a'>text</subfield><subfield code='b'>txt</subfield></datafield><datafield ind1=' ' ind2=' ' tag='337'><subfield code='a'>computer</subfield><subfield code='b'>c</subfield></datafield><datafield ind1=' ' ind2=' ' tag='338'><subfield code='a'>online resource</subfield><subfield code='b'>cr</subfield></datafield><datafield ind1='1' ind2=' ' tag='490'><subfield code='a'>Quantitative Software Engineering Series</subfield></datafield><datafield ind1=' ' ind2=' ' tag='500'><subfield code='a'>Description based upon print version of record.</subfield></datafield><datafield ind1='0' ind2=' ' tag='505'><subfield code='a'>Title Page; Copyright Page; Contents; Preface; Part I Introduction to Software Testing; Chapter 1 Software Engineering: A Discipline Like No Other; 1.1 A YOUNG, RESTLESS DISCIPLINE; 1.2 AN INDUSTRY UNDER STRESS; 1.3 LARGE, COMPLEX PRODUCTS; 1.4 EXPENSIVE PRODUCTS; 1.5 ABSENCE OF REUSE PRACTICE; 1.6 FAULT-PRONE DESIGNS; 1.7 PARADOXICAL ECONOMICS; 1.7.1 A Labor-Intensive Industry; 1.7.2 Absence of Automation; 1.7.3 Limited Quality Control; 1.7.4 Unbalanced Lifecycle Costs; 1.7.5 Unbalanced Maintenance Costs; 1.8 CHAPTER SUMMARY; 1.9 BIBLIOGRAPHIC NOTES; Chapter 2 Software Quality Attributes</subfield></datafield><datafield ind1='8' ind2=' ' tag='505'><subfield code='a'>2.1 FUNCTIONAL ATTRIBUTES2.1.1 Boolean Attributes; 2.1.2 Statistical Attributes; 2.2 OPERATIONAL ATTRIBUTES; 2.3 USABILITY ATTRIBUTES; 2.4 BUSINESS ATTRIBUTES; 2.5 STRUCTURAL ATTRIBUTES; 2.6 CHAPTER SUMMARY; 2.7 EXERCISES; 2.8 BIBLIOGRAPHIC NOTES; Chapter 3 A Software Testing Lifecycle; 3.1 A SOFTWARE ENGINEERING LIFECYCLE; 3.2 A SOFTWARE TESTING LIFECYCLE; 3.3 THE V-MODEL OF SOFTWARE TESTING; 3.4 CHAPTER SUMMARY; 3.5 BIBLIOGRAPHIC NOTES; Part II Foundations of Software Testing; Chapter 4 Software Specifications; 4.1 PRINCIPLES OF SOUND SPECIFICATION; 4.1.1 A Discipline of Specification</subfield></datafield><datafield ind1='8' ind2=' ' tag='505'><subfield code='a'>4.2 RELATIONAL MATHEMATICS4.2.1 Sets and Relations; 4.2.2 Operations on Relations; 4.2.3 Properties of Relations; 4.3 SIMPLE INPUT OUTPUT PROGRAMS; 4.3.1 REPRESENTING SPECIFICATIONS; 4.3.2 ORDERING SPECIFICATIONS; 4.3.3 SPECIFICATION GENERATION; 4.3.4 SPECIFICATION VALIDATION; 4.4 RELIABILITY VERSUS SAFETY; 4.5 STATE-BASED SYSTEMS; 4.5.1 A Relational Model; 4.5.2 AXIOMATIC REPRESENTATION; 4.5.3 SPECIFICATION VALIDATION; 4.6 CHAPTER SUMMARY; 4.7 EXERCISES; 4.8 PROBLEMS; 4.9 BIBLIOGRAPHIC NOTES; Chapter 5 Program Correctness and Verification; 5.1 CORRECTNESS: A DEFINITION</subfield></datafield><datafield ind1='8' ind2=' ' tag='505'><subfield code='a'>5.2 CORRECTNESS: PROPOSITIONS5.2.1 Correctness and Refinement; 5.2.2 Set Theoretic Characterizations; 5.2.3 Illustrations; 5.3 VERIFICATION; 5.3.1 Sample Formulas; 5.3.2 An Inference System; 5.3.3 Illustrative Examples; 5.4 CHAPTER SUMMARY; 5.5 EXERCISES; 5.6 PROBLEMS; 5.7 BIBLIOGRAPHIC NOTES; Chapter 6 Failures, Errors, and Faults; 6.1 FAILURE, ERROR, AND FAULT; 6.2 FAULTS AND RELATIVE CORRECTNESS; 6.2.1 Fault, an Evasive Concept; 6.2.2 Relative Correctness; 6.3 CONTINGENT FAULTS AND DEFINITE FAULTS; 6.3.1 Contingent Faults; 6.3.2 Monotonic Fault Removal</subfield></datafield><datafield ind1='8' ind2=' ' tag='505'><subfield code='a'>6.3.3 A Framework for Monotonic Fault Removal6.3.4 Definite Faults; 6.4 FAULT MANAGEMENT; 6.4.1 Lines of Defense; 6.4.2 Hybrid Validation; 6.5 CHAPTER SUMMARY; 6.6 EXERCISES; 6.7 PROBLEMS; 6.8 BIBLIOGRAPHIC NOTES; Chapter 7 A Software Testing Taxonomy; 7.1 THE TROUBLE WITH HYPHENATED TESTING; 7.2 A CLASSIFICATION SCHEME; 7.2.1 Primary Attributes; 7.2.2 Secondary Attributes; 7.3 TESTING TAXONOMY; 7.3.1 Unit-Level Testing; 7.3.2 System-Level Testing; 7.4 EXERCISES; 7.5 BIBLIOGRAPHIC NOTES; Part III Test Data Generation; Chapter 8 Test Generation Concepts</subfield></datafield><datafield ind1='8' ind2=' ' tag='505'><subfield code='a'>8.1 TEST GENERATION AND TARGET ATTRIBUTES</subfield></datafield><datafield ind1=' ' ind2=' ' tag='520'><subfield code='a'> Explores and identifies the main issues, concepts, principles and evolution of software testing, including software quality engineering and testing concepts, test data generation, test deployment analysis, and software test managementThis book examines the principles, concepts, and processes that are fundamental to the software testing function. This book is divided into five broad parts. Part I introduces software testing in the broader context of software engineering and explores the qualities that testing aims to achieve or ascertain, as well as the lifecycle of software testing. Part II c</subfield></datafield><datafield ind1=' ' ind2=' ' tag='546'><subfield code='a'>English</subfield></datafield><datafield ind1=' ' ind2=' ' tag='504'><subfield code='a'>Includes bibliographical references and index.</subfield></datafield><datafield ind1=' ' ind2=' ' tag='588'><subfield code='a'>Description based on print version record.</subfield></datafield><datafield ind1=' ' ind2='0' tag='650'><subfield code='a'>Computer software</subfield><subfield code='x'>Testing.</subfield></datafield><datafield ind1=' ' ind2='4' tag='655'><subfield code='a'>Electronic books.</subfield></datafield><datafield ind1=' ' ind2=' ' tag='776'><subfield code='z'>1-119-06557-7</subfield></datafield><datafield ind1=' ' ind2=' ' tag='776'><subfield code='z'>1-118-66287-3</subfield></datafield><datafield ind1='1' ind2=' ' tag='700'><subfield code='a'>Tchier, Fairouz,</subfield><subfield code='e'>author.</subfield></datafield><datafield ind1=' ' ind2='0' tag='830'><subfield code='a'>Quantitative Software Engineering Series</subfield></datafield><datafield ind1=' ' ind2=' ' tag='906'><subfield code='a'>BOOK</subfield></datafield><datafield ind1=' ' ind2=' ' tag='PRT'><subfield code='a'>53423652860003811</subfield><subfield code='b'>https://sandbox01-na.alma.exlibrisgroup.com/view/uresolver/01TULI_INST/openurl?u.ignore_date_coverage=true&amp;rft.mms_id=991036728670303811</subfield><subfield code='e'>Ebook Central</subfield><subfield code='c'>Ebook Central College Complete</subfield><subfield code='h'>614330000000000032</subfield><subfield code='8'>53423652860003811</subfield></datafield><datafield ind1=' ' ind2=' ' tag='PRT'><subfield code='a'>53347472450003811</subfield><subfield code='b'>https://sandbox01-na.alma.exlibrisgroup.com/view/uresolver/01TULI_INST/openurl?u.ignore_date_coverage=true&amp;rft.mms_id=991036728670303811</subfield><subfield code='e'>ProQuest</subfield><subfield code='c'>ProQuest Safari Tech Books Online Current File</subfield><subfield code='h'>611000000000002577</subfield><subfield code='8'>53347472450003811</subfield></datafield><datafield ind1=' ' ind2=' ' tag='PRT'><subfield code='a'>53422790700003811</subfield><subfield code='b'>https://sandbox01-na.alma.exlibrisgroup.com/view/uresolver/01TULI_INST/openurl?u.ignore_date_coverage=true&amp;rft.mms_id=991036728670303811</subfield><subfield code='e'>Ebook Central</subfield><subfield code='c'>Ebook Central Academic Complete</subfield><subfield code='h'>614200000000000002</subfield><subfield code='8'>53422790700003811</subfield></datafield></record>