
<record xmlns='http://www.loc.gov/MARC21/slim'><leader>05105nam  2200625Ia 4500</leader><controlfield tag='001'>991036748376003811</controlfield><controlfield tag='005'>20180522235958.0</controlfield><controlfield tag='006'>m     o  d |      </controlfield><controlfield tag='007'>cr#-n---------</controlfield><controlfield tag='008'>120827s2012    enka    o     000 0 eng d</controlfield><datafield ind1=' ' ind2=' ' tag='020'><subfield code='a'>1-283-73429-X</subfield></datafield><datafield ind1=' ' ind2=' ' tag='020'><subfield code='a'>1-78190-035-3</subfield></datafield><datafield ind1=' ' ind2=' ' tag='035'><subfield code='a'>(CKB)2670000000271289</subfield></datafield><datafield ind1=' ' ind2=' ' tag='035'><subfield code='a'>(EBL)1057756</subfield></datafield><datafield ind1=' ' ind2=' ' tag='035'><subfield code='a'>(OCoLC)818819008</subfield></datafield><datafield ind1=' ' ind2=' ' tag='035'><subfield code='a'>(SSID)ssj0000797748</subfield></datafield><datafield ind1=' ' ind2=' ' tag='035'><subfield code='a'>(PQKBManifestationID)12325403</subfield></datafield><datafield ind1=' ' ind2=' ' tag='035'><subfield code='a'>(PQKBTitleCode)TC0000797748</subfield></datafield><datafield ind1=' ' ind2=' ' tag='035'><subfield code='a'>(PQKBWorkID)10738984</subfield></datafield><datafield ind1=' ' ind2=' ' tag='035'><subfield code='a'>(PQKB)11151907</subfield></datafield><datafield ind1=' ' ind2=' ' tag='035'><subfield code='a'>(MiAaPQ)EBC1057756</subfield></datafield><datafield ind1=' ' ind2=' ' tag='035'><subfield code='a'>(EXLCZ)992670000000271289</subfield></datafield><datafield ind1=' ' ind2=' ' tag='040'><subfield code='a'>MiAaPQ</subfield><subfield code='c'>MiAaPQ</subfield><subfield code='d'>MiAaPQ</subfield></datafield><datafield ind1=' ' ind2=' ' tag='041'><subfield code='a'>eng</subfield></datafield><datafield ind1=' ' ind2='4' tag='050'><subfield code='a'>H61</subfield><subfield code='b'>.T43 2012</subfield></datafield><datafield ind1='0' ind2='0' tag='082'><subfield code='a'>301.01</subfield><subfield code='a'>303.48/2</subfield></datafield><datafield ind1='0' ind2='0' tag='245'><subfield code='a'>Theorizing modern society as a dynamic process</subfield><subfield code='h'>[electronic resource] /</subfield><subfield code='c'>edited by Harry Dahms, Lawrence Hazelrigg.</subfield></datafield><datafield ind1=' ' ind2=' ' tag='246'><subfield code='a'>Current Perspectives in Social Theory</subfield></datafield><datafield ind1=' ' ind2=' ' tag='246'><subfield code='a'>Current Perspectives in Social Theory, Vol. 30</subfield></datafield><datafield ind1=' ' ind2=' ' tag='246'><subfield code='a'>Current Perspectives in Social Theory , Vol. 30</subfield></datafield><datafield ind1=' ' ind2=' ' tag='246'><subfield code='a'>Cutting-edge Technologies in Higher Education, Vol. 6.2</subfield></datafield><datafield ind1=' ' ind2=' ' tag='246'><subfield code='a'>Current Perspectives in Social Theory, Volume 30</subfield></datafield><datafield ind1=' ' ind2=' ' tag='260'><subfield code='a'>Bingley, [Eng.] :</subfield><subfield code='b'>Emerald,</subfield><subfield code='c'>2012.</subfield></datafield><datafield ind1=' ' ind2=' ' tag='300'><subfield code='a'>1 online resource (313 p.)</subfield></datafield><datafield ind1=' ' ind2=' ' tag='336'><subfield code='a'>text</subfield><subfield code='b'>txt</subfield></datafield><datafield ind1=' ' ind2=' ' tag='337'><subfield code='a'>computer</subfield><subfield code='b'>c</subfield></datafield><datafield ind1=' ' ind2=' ' tag='338'><subfield code='a'>online resource</subfield><subfield code='b'>cr</subfield></datafield><datafield ind1=' ' ind2='0' tag='440'><subfield code='a'>Current perspectives in social theory ;</subfield><subfield code='v'>v. 30</subfield></datafield><datafield ind1='1' ind2=' ' tag='490'><subfield code='a'>Current Perspectives in Social Theory ;</subfield><subfield code='v'>v.30</subfield></datafield><datafield ind1=' ' ind2=' ' tag='500'><subfield code='a'>Description based upon print version of record.</subfield></datafield><datafield ind1='0' ind2=' ' tag='505'><subfield code='a'>FRONT COVER; THEORIZING MODERN SOCIETY AS A DYNAMIC PROCESS; COPYRIGHT PAGE; CONTENTS; LIST OF CONTRIBUTORS; EDITORIAL BOARD; ACKNOWLEDGEMENTS; INTRODUCTION: THEORIZING HISTORICAL PROCESSES IN MODERN SOCIETIES; NOTES; REFERENCES; PART I: BETWEEN ANALYTICS AND DIALECTICS; TOWARD BRIDGING ANALYTICS AND DIALECTICS: NONERGODIC PROCESSES AND TURNING POINTS IN DYNAMIC MODELS OF SOCIAL CHANGE WITH ILLUSTRATIONS FROM LABOR MOVEMENT HISTORY; ERGODIC MODELS IN A NONERGODIC SOCIAL WORLD; DYNAMICS, HISTORICAL CONTINGENCY, AND TURNING POINTS IN MODELS OF SOCIAL CHANGE</subfield></datafield><datafield ind1='8' ind2=' ' tag='505'><subfield code='a'>ILLUSTRATIONS OF TURNING POINTS IN PARAMETER STRUCTURE OF DYNAMIC MODELSILLUSTRATIONS OF TURNING POINTS IN PROCESS STRUCTURE OF DYNAMIC MODELS; TOWARD BRINGING DIALECTICS INTO HISTORICALLY SENSITIVE ANALYTICS OF DYNAMIC PROCESSES; CONCLUSION; NOTES; ACKNOWLEDGMENT; REFERENCES; ADORNO, ADVOCATE OF THE NONIDENTICAL: AN INTRODUCTION; REFERENCES; DEVELOPMENTS OF ANALYTICAL LOGIC AND DIALECTICAL LOGIC WITH REGARD TO THE STUDY OF PROCESS DYNAMICS; INTRODUCTION; A SAMPLING OF EXPERIENCES AND REFLECTIONS; INTENTIONS AND SPECIAL PLEADINGS; DEVELOPMENTS OF ANALYTICAL LOGICS, BRIEFLY CONSIDERED</subfield></datafield><datafield ind1='8' ind2=' ' tag='505'><subfield code='a'>DEVELOPMENTS OF DIALECTICAL LOGICS, ALSO BRIEFLY CONSIDEREDAFTER MARX, DIALECTICAL LOGIC HELD HOSTAGE; POTENTIAL DEVELOPMENTS; HOPEFULNESS AND GENERATIONAL REPLACEMENT; NOTES; ACKNOWLEDGMENT; REFERENCES; APPENDIX: PROCESS COMMODIFICATION; PART II: LINKING AMERICAN AND EUROPEAN PERSPECTIVES; COMMUNICATION, LANGUAGE, AND THE EMERGENCE OF SOCIAL ORDERS; INTRODUCTION; SOCIAL ORDERS AND INSTITUTIONS; ORDER AND CONTINGENCY; LUHMANN AND THE COMMUNICATION OF COMMUNICATION; LANGUAGE, SIGNS, AND COMMUNICATION; SUMMARY AND CONCLUSION; NOTES; REFERENCES</subfield></datafield><datafield ind1='8' ind2=' ' tag='505'><subfield code='a'>CULTURE, THEORY, AND CRITIQUE: MARX, DURKHEIM, AND HUMAN SCIENCECONCLUDING REMARKS; NOTE; REFERENCES; SOCIALITY-NORMATIVITY-MORALITY: THE EXPLANATORY STRATEGY OF GÜNTER DUX&apos;S HISTORICO-GENETIC THEORY; SOCIOLOGICAL EXPLANATORY CLAIMS AND OPEN QUESTIONS; THE EXPLANATORY GRID OF HISTORICO-GENETIC THEORY; AN ASSESSMENT OF THE EXPLANATORY POTENTIAL OF HISTORICO-GENETIC THEORY; NOTES; REFERENCES; PART III: POLITICAL DYNAMICS IN MODERN SOCIETIES; POLITICS DISEMBODIED AND DETERRITORIALIZED: THE INTERNET AS HUMAN RIGHTS RESOURCE; POTENTIAL AND PROBLEMS OF ADVANCING HUMAN RIGHTS DIGITALLY</subfield></datafield><datafield ind1='8' ind2=' ' tag='505'><subfield code='a'>CIVIL SOCIETY IMPROVED VIA ABSTRACTION FROM BODIES AND BORDERSCREATING AND ASSIGNING HUMAN RIGHTS IN DIGITALLY MEDIATED CRITICAL DELIBERATION; FROM THE NATION STATE TOWARD THE HUMAN RIGHTS STATE; CONCLUSION; NOTES; REFERENCES; CIVIL SOCIETY AND THE STATE IN THE NEOLIBERAL ERA: DYNAMICS OF FRIENDS AND ENEMIES; THE UBIQUITY OF CIVIL SOCIETY; THE &apos;&apos;WHAT&apos;&apos; OF CIVIL SOCIETY: THE STATE OF THE DEBATE; THE &apos;&apos;WHO&apos;&apos; OF CIVIL SOCIETY: COMPETING FRAMES, CONTRADICTORY INTERPRETATIONS; THE STRATA OF CIVIL SOCIETY: USES AND ABUSES OF A CONCEPT; CODA: A DYNAMIC APPROACH TO THEORIZING CIVIL SOCIETY?</subfield></datafield><datafield ind1='8' ind2=' ' tag='505'><subfield code='a'>ACKNOWLEDGMENTS</subfield></datafield><datafield ind1=' ' ind2=' ' tag='520'><subfield code='a'>In this follow-up volume to Theorizing the Dynamics of Social Processes (vol. 27), the emphasis is placed on recent trends in Continental European social theory, and on the importance of political analyses to theorizing modern societies.</subfield></datafield><datafield ind1=' ' ind2=' ' tag='546'><subfield code='a'>English</subfield></datafield><datafield ind1=' ' ind2='0' tag='650'><subfield code='a'>Social sciences</subfield><subfield code='x'>Research.</subfield></datafield><datafield ind1=' ' ind2='0' tag='650'><subfield code='a'>Social sciences</subfield><subfield code='x'>Philosophy.</subfield></datafield><datafield ind1=' ' ind2='4' tag='655'><subfield code='a'>Electronic books.</subfield></datafield><datafield ind1='1' ind2=' ' tag='700'><subfield code='a'>Dahms, Harry F.</subfield></datafield><datafield ind1='1' ind2=' ' tag='700'><subfield code='a'>Hazelrigg, Lawrence E.</subfield></datafield><datafield ind1=' ' ind2=' ' tag='776'><subfield code='z'>1-78190-034-5</subfield></datafield><datafield ind1=' ' ind2='0' tag='830'><subfield code='a'>Current Perspectives in Social Theory</subfield></datafield><datafield ind1=' ' ind2=' ' tag='906'><subfield code='a'>BOOK</subfield></datafield><datafield ind1=' ' ind2=' ' tag='PRT'><subfield code='a'>53394598370003811</subfield><subfield code='b'>https://sandbox01-na.alma.exlibrisgroup.com/view/uresolver/01TULI_INST/openurl?u.ignore_date_coverage=true&amp;rft.mms_id=991036748376003811</subfield><subfield code='e'>EBSCOhost</subfield><subfield code='c'>EBSCOhost Academic eBook Collection (North America)</subfield><subfield code='h'>613640000000000029</subfield><subfield code='8'>53394598370003811</subfield></datafield></record>