
<record xmlns='http://www.loc.gov/MARC21/slim'><leader>04987cem a2200469 a 4500</leader><controlfield tag='005'>20180315121235.0</controlfield><controlfield tag='008'>100511s2010    cau       e     0   eng  </controlfield><controlfield tag='001'>991008052099703811</controlfield><datafield ind1=' ' ind2=' ' tag='010'><subfield code='a'>2010019735</subfield></datafield><datafield ind1=' ' ind2=' ' tag='020'><subfield code='a'>9780520262492 (cloth : alk. paper)</subfield></datafield><datafield ind1=' ' ind2=' ' tag='020'><subfield code='a'>0520262492 (cloth : alk. paper)</subfield></datafield><datafield ind1=' ' ind2=' ' tag='020'><subfield code='a'>9780520262508 (pbk. : alk. paper)</subfield></datafield><datafield ind1=' ' ind2=' ' tag='020'><subfield code='a'>0520262506 (pbk. : alk. paper)</subfield></datafield><datafield ind1='0' ind2=' ' tag='034'><subfield code='a'>a</subfield></datafield><datafield ind1=' ' ind2=' ' tag='035'><subfield code='a'>(PPT)b4557618x-01tuli_inst</subfield></datafield><datafield ind1=' ' ind2=' ' tag='035'><subfield code='a'>(OCoLC)ocn723448194</subfield><subfield code='9'>ExL</subfield></datafield><datafield ind1=' ' ind2=' ' tag='035'><subfield code='a'>(OCoLC)606760530</subfield><subfield code='z'>(OCoLC)646396937</subfield></datafield><datafield ind1=' ' ind2=' ' tag='035'><subfield code='a'>ocn606760530</subfield></datafield><datafield ind1=' ' ind2=' ' tag='035'><subfield code='a'>(OCLC)ocn606760530</subfield></datafield><datafield ind1=' ' ind2=' ' tag='040'><subfield code='a'>DLC</subfield><subfield code='b'>eng</subfield><subfield code='c'>DLC</subfield><subfield code='d'>YDX</subfield><subfield code='d'>BTCTA</subfield><subfield code='d'>YDXCP</subfield><subfield code='d'>UKM</subfield><subfield code='d'>BWX</subfield><subfield code='d'>IHV</subfield><subfield code='d'>CDX</subfield><subfield code='d'>OCLCQ</subfield><subfield code='d'>GZN</subfield><subfield code='d'>UPM</subfield><subfield code='d'>UTO</subfield></datafield><datafield ind1=' ' ind2=' ' tag='043'><subfield code='a'>n-us-ca</subfield></datafield><datafield ind1=' ' ind2=' ' tag='049'><subfield code='a'>IG$A</subfield></datafield><datafield ind1=' ' ind2=' ' tag='079'><subfield code='a'>ocn606760530</subfield></datafield><datafield ind1=' ' ind2=' ' tag='090'><subfield code='a'>G1527.S22</subfield><subfield code='b'>S6 2010</subfield></datafield><datafield ind1='1' ind2=' ' tag='100'><subfield code='a'>Solnit, Rebecca.</subfield></datafield><datafield ind1='1' ind2='0' tag='245'><subfield code='a'>Infinite city :</subfield><subfield code='b'>a San Francisco atlas /</subfield><subfield code='c'>Rebecca Solnit ; with cartographers, Ben Pease, Shizue Siegel.</subfield></datafield><datafield ind1=' ' ind2=' ' tag='255'><subfield code='a'>Scales differ.</subfield></datafield><datafield ind1=' ' ind2=' ' tag='260'><subfield code='a'>Berkeley :</subfield><subfield code='b'>University of California Press,</subfield><subfield code='c'>c2010.</subfield></datafield><datafield ind1=' ' ind2=' ' tag='300'><subfield code='a'>1 atlas (vii, 156 p.) :</subfield><subfield code='b'>ill. (chiefly col.), col. maps ;</subfield><subfield code='c'>31 cm.</subfield></datafield><datafield ind1=' ' ind2=' ' tag='500'><subfield code='a'>&quot;[Atlas] of principal landmarks and treasures of the region, including butterly species, queer sites, murders, coffee, water, power, contingent identities, social types, libraries, early morning bars, the lost labor landscape of 1960, and the monumental Monterey cypresses of San Francisco; of indigenous place names, women environmentalists, toxins, food sites, right wing organizations, World War II shipyards, Zen Buddhist centers, salmon migration, and musical histories of the Bay Area; with details of cultural geogrpahies of the Mission District, the Fillmore&apos;s culture wars and metamorphoses, the racial discourses of the United Nations Plaza, the south of Market world that redevelpment devoured, and other significant phenomena, vanished and extant.&quot;</subfield></datafield><datafield ind1='0' ind2=' ' tag='505'><subfield code='a'>Near and the far, or how to get to ethiopia from ocean beach,&quot; -- By rebecca solnit -- Map 17. treasure map: the forty-nine jewels of san francisco -- &quot;Title to come,&quot; by rebecca solnit -- [neighborhoods] -- Map 18. truth to power: race and justice in the city&apos;s heart -- &quot;Title to come,&quot; by rebecca solnit -- Map 19. third street phantom coast: a map by alison pebworth -- Map 20. the lost world: south of market, 1960, before redevelopment -- &quot;South of market&apos;s eras and wars,&quot; by rebecca solnit -- Map 21. fillmore: promenading the boulevard of gone -- &quot;Little pieces of many wars,&quot; by rebecca solnit -- Map 22. the mission: north of home, south of safe -- &quot;The geography of the unseen,&quot; by adriana camarena.</subfield></datafield><datafield ind1='0' ind2=' ' tag='505'><subfield code='a'>Map 1. the names before the names: the indigenous bay area, 1769 -- &quot;A map the size of the land,&quot; by lisa conrad -- Map 2. green women: open spaces and their champions -- &quot;Great women and green spaces,&quot; by richard walker -- Map 3. once and future waters: nineteenth-century bodies of water, twenty-second- -- Century shorelines -- Map 4. shipyards and sounds: the black bay area since world war ii -- &quot;High tide, low ebb,&quot; by joshua jelly-schapiro -- Map 5. right wing of the dove: the bay area as conservative/military brain trust -- &quot;The sinews of war are boundless money,&quot; by rebecca solnit -- Map 6. poison/palate: the bay area in your body -- &quot;What doesn&apos;t kill you makes you gourmet,&quot; by rebecca solnit -- Map 7. dharma wheels and fish ladders: salmon migrations, soto zen arrivals -- &quot;A way home,&quot; by genine lentine -- [sf] -- Map 8. tribes of san francisco: their comings and goings -- &quot;Who washed up on these shores and who the tides took away,&quot; by rebecca -- Solnit -- Map 9. cinema city: muybridge inventing movies, hitchcock making vertigo -- &quot;The eyes of the gods,&quot; by rebecca solnit -- Map 10. monarchs and queens: butterfly habitats and queer public spaces -- &quot;Full spectrum,&quot; by aaron shurin -- Map 11. phrenological san francisco -- &quot;City of fourteen bumps,&quot; by paul lafarge -- Map 12. death and beauty: a year of murders, a noble species of treea -- &quot;Red sinking, green soaring,&quot; by summer brenner -- Map 13. who am i where? à quien soy dónde?: a map of contingent identities and -- Circumstantial memories -- &quot;Who am i where? à quien soy dónde?&quot; by rebecca solnit and guillermo -- Gómez-peña -- Map 14. graveyard shift: the lost industrial city of 1960 and the remnant 6am bars -- &quot;The smell of ten thousand gallons of mayonnaise and a hundred tons of -- Coffee,&quot; by chris carlsson -- Map 15. four hundred years and five hundred evictions in the city -- &quot;Title to come,&quot; by heather smith -- Map 16. the world in a cup: coffee economies and ecologies -- &quot;Drinking the</subfield></datafield><datafield ind1=' ' ind2='0' tag='651'><subfield code='a'>San Francisco Bay Area (Calif.)</subfield><subfield code='v'>Maps.</subfield></datafield><datafield ind1=' ' ind2='0' tag='651'><subfield code='a'>San Francisco (Calif.)</subfield><subfield code='v'>Maps.</subfield></datafield><datafield ind1=' ' ind2='7' tag='655'><subfield code='a'>Atlases.</subfield><subfield code='2'>lcgft</subfield></datafield><datafield ind1='1' ind2=' ' tag='700'><subfield code='a'>Pease, Ben.</subfield></datafield><datafield ind1='1' ind2=' ' tag='700'><subfield code='a'>Siegel, Shizue.</subfield></datafield><datafield ind1=' ' ind2=' ' tag='907'><subfield code='a'>.b4557618x</subfield><subfield code='b'>p    </subfield><subfield code='c'>-</subfield></datafield><datafield ind1=' ' ind2=' ' tag='945'><subfield code='l'>pstk </subfield><subfield code='g'>1</subfield></datafield><datafield ind1=' ' ind2=' ' tag='979'><subfield code='a'>ocn606760530</subfield></datafield><datafield ind1=' ' ind2=' ' tag='998'><subfield code='b'>1</subfield><subfield code='c'>110422</subfield><subfield code='d'>m</subfield><subfield code='e'>e</subfield><subfield code='f'>-</subfield><subfield code='g'>0</subfield></datafield><datafield ind1=' ' ind2=' ' tag='998'><subfield code='b'>1</subfield><subfield code='c'>110422</subfield><subfield code='d'>m</subfield><subfield code='e'>e</subfield><subfield code='f'>-</subfield><subfield code='g'>0</subfield></datafield><datafield ind1='0' ind2=' ' tag='HLD'><subfield code='b'>MAIN</subfield><subfield code='c'>stacks</subfield><subfield code='h'>G1527.S22</subfield><subfield code='i'>S6 2010</subfield><subfield code='8'>22272229240003811</subfield></datafield><datafield ind1=' ' ind2=' ' tag='ITM'><subfield code='b'>1</subfield><subfield code='h'>0</subfield><subfield code='g'>stacks</subfield><subfield code='9'>39074025972654</subfield><subfield code='e'>stacks</subfield><subfield code='8'>23272229230003811</subfield><subfield code='a'>0</subfield><subfield code='q'>2017-06-20 07:46:50</subfield><subfield code='i'>G1527.S22 S6 2010</subfield><subfield code='d'>MAIN</subfield><subfield code='r'>2018-05-15 20:08:56</subfield><subfield code='f'>MAIN</subfield></datafield></record>