
<record xmlns='http://www.loc.gov/MARC21/slim'><leader>01008nam  2200277Ia 4500</leader><controlfield tag='001'>991036741401503811</controlfield><controlfield tag='005'>20170810175536.0</controlfield><controlfield tag='006'>m     o  d |      </controlfield><controlfield tag='007'>cr -n---------</controlfield><controlfield tag='008'>080822s2008    enk     ob    000 0 eng d</controlfield><datafield ind1=' ' ind2=' ' tag='020'><subfield code='a'>1-280-77167-4</subfield></datafield><datafield ind1=' ' ind2=' ' tag='020'><subfield code='a'>9786613682444</subfield></datafield><datafield ind1=' ' ind2=' ' tag='020'><subfield code='a'>1-84950-538-1</subfield></datafield><datafield ind1=' ' ind2=' ' tag='035'><subfield code='a'>(CKB)1000000000767271</subfield></datafield><datafield ind1=' ' ind2=' ' tag='035'><subfield code='a'>(EBL)453256</subfield></datafield><datafield ind1=' ' ind2=' ' tag='035'><subfield code='a'>(OCoLC)463190850</subfield></datafield><datafield ind1=' ' ind2=' ' tag='035'><subfield code='a'>(SSID)ssj0000363722</subfield></datafield><datafield ind1=' ' ind2=' ' tag='035'><subfield code='a'>(PQKBManifestationID)12080421</subfield></datafield><datafield ind1=' ' ind2=' ' tag='035'><subfield code='a'>(PQKBTitleCode)TC0000363722</subfield></datafield><datafield ind1=' ' ind2=' ' tag='035'><subfield code='a'>(PQKBWorkID)10394696</subfield></datafield><datafield ind1=' ' ind2=' ' tag='035'><subfield code='a'>(PQKB)10560523</subfield></datafield><datafield ind1=' ' ind2=' ' tag='035'><subfield code='a'>(MiAaPQ)EBC453256</subfield></datafield><datafield ind1=' ' ind2=' ' tag='035'><subfield code='a'>(EXLCZ)991000000000767271</subfield></datafield><datafield ind1=' ' ind2=' ' tag='040'><subfield code='a'>MiAaPQ</subfield><subfield code='c'>MiAaPQ</subfield><subfield code='d'>MiAaPQ</subfield></datafield><datafield ind1=' ' ind2=' ' tag='041'><subfield code='a'>eng</subfield></datafield><datafield ind1=' ' ind2='4' tag='050'><subfield code='a'>HM480</subfield><subfield code='b'>.N6 2008</subfield></datafield><datafield ind1='0' ind2='0' tag='082'><subfield code='a'>301.01</subfield></datafield><datafield ind1='1' ind2=' ' tag='100'><subfield code='a'>Dahms, Harry F.</subfield></datafield><datafield ind1=' ' ind2=' ' tag='210'><subfield code='a'>Current Perspectives in Social Theory , Vol. 2008</subfield></datafield><datafield ind1=' ' ind2=' ' tag='210'><subfield code='a'>CURRENT PERSPECTIVES IN SOCIAL THEORY , VOLUME 25 </subfield></datafield><datafield ind1=' ' ind2=' ' tag='210'><subfield code='a'>Current Perspectives in Social Theory , Vol. 25</subfield></datafield><datafield ind1=' ' ind2=' ' tag='210'><subfield code='a'>NO SOCIAL SCIENCE WITHOUT CRITICAL THEORY</subfield></datafield><datafield ind1='0' ind2='0' tag='245'><subfield code='a'>No social science without critical theory</subfield><subfield code='h'>[electronic resource] /</subfield><subfield code='c'>edited by Harry F. Dahms.</subfield></datafield><datafield ind1=' ' ind2=' ' tag='246'><subfield code='a'>Current Perspectives in Social Theory, 25 </subfield></datafield><datafield ind1=' ' ind2=' ' tag='246'><subfield code='a'>Current Perspectives in Social Theory, Vol. 25</subfield></datafield><datafield ind1=' ' ind2=' ' tag='260'><subfield code='a'>Bingley :</subfield><subfield code='b'>JAI,</subfield><subfield code='c'>2008.</subfield></datafield><datafield ind1=' ' ind2=' ' tag='300'><subfield code='a'>1 online resource (414 p.)</subfield></datafield><datafield ind1=' ' ind2=' ' tag='336'><subfield code='a'>text</subfield><subfield code='b'>txt</subfield></datafield><datafield ind1=' ' ind2=' ' tag='337'><subfield code='a'>computer</subfield><subfield code='b'>c</subfield></datafield><datafield ind1=' ' ind2=' ' tag='338'><subfield code='a'>online resource</subfield><subfield code='b'>cr</subfield></datafield><datafield ind1='1' ind2=' ' tag='490'><subfield code='a'>Current perspectives in social theory ;</subfield><subfield code='v'>v. 25</subfield></datafield><datafield ind1=' ' ind2=' ' tag='500'><subfield code='a'>Description based upon print version of record.</subfield></datafield><datafield ind1='0' ind2=' ' tag='505'><subfield code='a'>Front cover; Current Perspectives in Social Theory; Copyright page; Contents; Editor; List of Contributors; Part I. A Programmatic Introduction; Chapter 1. How social science is impossible without critical theory: The immersion of mainstream approaches in time and space; Introduction; Dilemmas of social science; Considering context: confronting the specificity of modern societies; Social science versus critical theoryquest; Critical theory versus mainstream social sciencequest; Critical theory infin mainstream approachesquest50</subfield></datafield><datafield ind1='8' ind2=' ' tag='505'><subfield code='a'>Social science in the age of globalization: reconciling the irreconcilablequestNotes; References; Part II. Two Agendas of Critical Theory; Chapter 2. Critical conundrums - logic and politics in Frankfurt critical theory prior to the linguistic turn; I; II; Notes; References; Chapter 3. The architecture of social critique: Three models of ideology critique and the legacy of the Frankfurt School; 1. The Frankfurt School and the Problem of Ideological Power; 2. A socio-psychological model of ideology critique. The ambivalent program of interdisciplinary materialism</subfield></datafield><datafield ind1='8' ind2=' ' tag='505'><subfield code='a'>3. A model of isolated critique: The  speculative concept of a critical theory of instrumental reason4. A politico-sociological model and the problem of free-standing critique: A reorientation of ideology critique; References; Part III. Applications of Critical Theory; Chapter 4. Is universality the object of globalization? Political geographies of contingent universality; 1. Introduction; 2. Where is universalityquest what is particularityquest; 3. Universal space, nature, and the floating signifier of race; 4. Hegel&apos;s universality as a problem of space</subfield></datafield><datafield ind1='8' ind2=' ' tag='505'><subfield code='a'>5. Regional geography as an expression of universality6. Ratzel on borders and race; 7. Grossraum versus universalism; 8. Hegemony and contingent universality; 9. The constitutive outside and civil society; 10. Scales of translation; 11. Conclusion; References; Chapter 5. From the culture industry to the society of the spectacle: Critical theory and the situationist international; Introduction; Theories of consumer capitalism in Western Marxism: Lukács, the Frankfurt School, and Lefebvre; Toward the society of the spectacle: Central concerns of the situationist international</subfield></datafield><datafield ind1='8' ind2=' ' tag='505'><subfield code='a'>Toward a critical theory of entertainment and spectacleConclusion; Notes; References; Chapter 6. Signifying the Jew: antisemitic workers and Jewish stereotypes during World War II; From inevitability to inquiry; Labor study data and methods; Antisemitism as an instrument of domination; Broad antisemitic themes in the different antisemitic groups (A-D); The hatred of stereotypical Jewish traits; The antisemitic hatred of clannishness; Jewish aggressiveness; Jewish sexuality; Antisemitism and &apos;&apos;Jewish personal qualities&apos;&apos;; An overview and summary; Notes; References</subfield></datafield><datafield ind1='8' ind2=' ' tag='505'><subfield code='a'>Part IV. The Critical Theory of Herbert Marcuse</subfield></datafield><datafield ind1=' ' ind2=' ' tag='520'><subfield code='a'>Highlights the problematic nature of mainstream perspectives, and the growing need to reaffirm how the specific kind of critique the early Frankfurt School theorists advocated is not less, but far more important today. This book examines the links between</subfield></datafield><datafield ind1=' ' ind2=' ' tag='546'><subfield code='a'>English</subfield></datafield><datafield ind1=' ' ind2=' ' tag='504'><subfield code='a'>Includes bibliographical references.</subfield></datafield><datafield ind1=' ' ind2='0' tag='650'><subfield code='a'>Frankfurt school of sociology.</subfield></datafield><datafield ind1=' ' ind2='0' tag='650'><subfield code='a'>Critical theory.</subfield></datafield><datafield ind1=' ' ind2='4' tag='655'><subfield code='a'>Electronic books.</subfield></datafield><datafield ind1='1' ind2=' ' tag='700'><subfield code='a'>Dahms, Harry F.</subfield></datafield><datafield ind1=' ' ind2=' ' tag='776'><subfield code='z'>0-7623-1483-4</subfield></datafield><datafield ind1=' ' ind2='0' tag='830'><subfield code='a'>Current Perspectives in Social Theory, 25</subfield></datafield><datafield ind1=' ' ind2=' ' tag='906'><subfield code='a'>BOOK</subfield></datafield><datafield ind1=' ' ind2=' ' tag='PRT'><subfield code='a'>53394552390003811</subfield><subfield code='b'>https://sandbox01-na.alma.exlibrisgroup.com/view/uresolver/01TULI_INST/openurl?u.ignore_date_coverage=true&amp;rft.mms_id=991036741401503811</subfield><subfield code='e'>EBSCOhost</subfield><subfield code='c'>EBSCOhost Academic eBook Collection (North America)</subfield><subfield code='h'>613640000000000029</subfield><subfield code='8'>53394552390003811</subfield></datafield><datafield ind1=' ' ind2=' ' tag='PRT'><subfield code='a'>53420743110003811</subfield><subfield code='b'>https://sandbox01-na.alma.exlibrisgroup.com/view/uresolver/01TULI_INST/openurl?u.ignore_date_coverage=true&amp;rft.mms_id=991036741401503811</subfield><subfield code='e'>Ebook Central</subfield><subfield code='c'>Ebook Central Academic Complete</subfield><subfield code='h'>614200000000000002</subfield><subfield code='8'>53420743110003811</subfield></datafield></record>