
<record xmlns='http://www.loc.gov/MARC21/slim'><leader>01471nam  2200349 i 4500</leader><controlfield tag='001'>991036850096403811</controlfield><controlfield tag='005'>20171011204406.0</controlfield><controlfield tag='006'>m     o  d |      </controlfield><controlfield tag='007'>cr -n---------</controlfield><controlfield tag='008'>150123t20152015nju     o     001 0 eng d</controlfield><datafield ind1=' ' ind2=' ' tag='010'><subfield code='a'>2014042241</subfield></datafield><datafield ind1=' ' ind2=' ' tag='020'><subfield code='a'>1-5231-1131-3</subfield></datafield><datafield ind1=' ' ind2=' ' tag='020'><subfield code='a'>1-118-74525-6</subfield></datafield><datafield ind1=' ' ind2=' ' tag='035'><subfield code='a'>(CKB)3710000000335295</subfield></datafield><datafield ind1=' ' ind2=' ' tag='035'><subfield code='a'>(EBL)1895571</subfield></datafield><datafield ind1=' ' ind2=' ' tag='035'><subfield code='a'>(SSID)ssj0001401663</subfield></datafield><datafield ind1=' ' ind2=' ' tag='035'><subfield code='a'>(PQKBManifestationID)12607355</subfield></datafield><datafield ind1=' ' ind2=' ' tag='035'><subfield code='a'>(PQKBTitleCode)TC0001401663</subfield></datafield><datafield ind1=' ' ind2=' ' tag='035'><subfield code='a'>(PQKBWorkID)11357005</subfield></datafield><datafield ind1=' ' ind2=' ' tag='035'><subfield code='a'>(PQKB)11370520</subfield></datafield><datafield ind1=' ' ind2=' ' tag='035'><subfield code='a'>(MiAaPQ)EBC1895571</subfield></datafield><datafield ind1=' ' ind2=' ' tag='035'><subfield code='a'>(EXLCZ)993710000000335295</subfield></datafield><datafield ind1=' ' ind2=' ' tag='040'><subfield code='a'>MiAaPQ</subfield><subfield code='b'>eng</subfield><subfield code='e'>rda</subfield><subfield code='e'>pn</subfield><subfield code='c'>MiAaPQ</subfield><subfield code='d'>MiAaPQ</subfield></datafield><datafield ind1=' ' ind2=' ' tag='041'><subfield code='a'>eng</subfield></datafield><datafield ind1=' ' ind2='4' tag='050'><subfield code='a'>TH438</subfield><subfield code='b'>.S43 2015</subfield></datafield><datafield ind1='0' ind2='0' tag='082'><subfield code='a'>692.3</subfield></datafield><datafield ind1='1' ind2=' ' tag='100'><subfield code='a'>Sears, S. Keoki.</subfield></datafield><datafield ind1='0' ind2='0' tag='245'><subfield code='a'>Construction project management :</subfield><subfield code='b'>b a practical guide to field construction management /</subfield><subfield code='c'>S. Keoki Sears, [and others].</subfield></datafield><datafield ind1=' ' ind2=' ' tag='246'><subfield code='a'>Construction Project Management - A Practical Guide to Field Construction Management </subfield></datafield><datafield ind1=' ' ind2=' ' tag='250'><subfield code='a'>6th ed.</subfield></datafield><datafield ind1=' ' ind2='1' tag='264'><subfield code='a'>Hoboken, New Jersey :</subfield><subfield code='b'>John Wiley &amp; Sons,</subfield><subfield code='c'>2015.</subfield></datafield><datafield ind1=' ' ind2='4' tag='264'><subfield code='c'>©2015</subfield></datafield><datafield ind1=' ' ind2=' ' tag='300'><subfield code='a'>1 online resource (352 p.)</subfield></datafield><datafield ind1=' ' ind2=' ' tag='336'><subfield code='a'>text</subfield><subfield code='b'>txt</subfield></datafield><datafield ind1=' ' ind2=' ' tag='337'><subfield code='a'>computer</subfield><subfield code='b'>c</subfield></datafield><datafield ind1=' ' ind2=' ' tag='338'><subfield code='a'>online resource</subfield><subfield code='b'>cr</subfield></datafield><datafield ind1=' ' ind2=' ' tag='500'><subfield code='a'>Description based upon print version of record.</subfield></datafield><datafield ind1='0' ind2=' ' tag='505'><subfield code='a'>Construction Project Management; Contents; Preface; 1 Construction Practices; 1.1 Introduction; 1.2 The Construction Industry; 1.3 The Construction Project; 1.4 Project Stages; 1.5 Owner; 1.6 Architect&amp;#x2010;Engineer; 1.7 Prime Contractor; 1.8 Competitive Bidding; 1.9 Negotiated Contracts; 1.10 Combined Bidding and Negotiation; 1.11 Subcontracting; 1.12 Design&amp;#x2010;Bid&amp;#x2010;Construct; 1.13 Fast Tracking; 1.14 Construction Contract Services; 1.15 Construction Services; 1.16 Design&amp;#x2010;Construct; 1.17 Construction Management; 1.18 Fixed&amp;#x2010;Sum Contract; 1.19 Cost&amp;#x2010;Plus&amp;#x2010;Fee Contracts; 1.20 Work&amp;#x2010;by&amp;#x2010;Force Account</subfield></datafield><datafield ind1='8' ind2=' ' tag='505'><subfield code='a'>1.21 Turnkey and BOT Contracts1.22 Integrated Project Delivery; 1.23 Speculative Construction; 1.24 Management during the Design Phase; 1.25 Management of Field Construction; 1.26 Project Manager; 1.27 Project Manager Qualifications; Key Points and Questions; 2 Systematic Project Management; 2.1 Introduction; 2.2 Need for Project Management; 2.3 Project Management Characteristics; 2.4 Discussion Viewpoint; 2.5 Management Procedures; 2.6 Time and Cost Management; 2.7 Planning and Scheduling; 2.8 CPM Procedure; 2.9 Time Monitoring and Control; 2.10 Project Cost System</subfield></datafield><datafield ind1='8' ind2=' ' tag='505'><subfield code='a'>2.11 Estimating the Project2.12 Project Cost Accounting; 2.13 Resource Management; 2.14 Project Financial Control; 2.15 Automating Project Management Tasks; 2.16 Manual Methods; 2.17 Discussion Format; 2.18 Example Projects; Key Points and Questions; 3 Project Estimating; 3.1 Introduction; 3.2 Project Cost System; 3.3 Preliminary Cost Estimates; 3.4 Final Cost Estimate; 3.5 Example Projects; 3.6 Quantity Survey; 3.7 Management Input; 3.8 Field Supervision; 3.9 Construction Methods; 3.10 General Time Schedule; 3.11 Construction Equipment; 3.12 Summary Sheets; 3.13 Material Costs</subfield></datafield><datafield ind1='8' ind2=' ' tag='505'><subfield code='a'>3.14 Labor Costs3.15 Indirect Labor Costs; 3.16 Labor Unit Costs; 3.17 The Cost of Heavy Equipment; 3.18 Bids from Subcontractor; 3.19 Project Overhead; 3.20 Home Office Overhead; 3.21 Markup; 3.22 Contract Bonds; 3.23 Recap Sheet; 3.24 Cost Models; 3.25 Project Budget; 3.26 Progress Estimate; 3.27 Estimating for Changes; Key Points and Questions; 4 Project Planning; 4.1 Introduction; 4.2 CPM Procedure; 4.3 Planning Phase; 4.4 Job Activities; 4.5 Job Logic; 4.6 Restraints; 4.7 Beginning&amp;#x2010;to&amp;#x2010;End Planning; 4.8 Top&amp;#x2010;Down Planning and the Work Breakdown Structure; 4.9 Precedence Notation</subfield></datafield><datafield ind1='8' ind2=' ' tag='505'><subfield code='a'>4.10 Precedence Diagram4.11 Network Format; 4.12 Lag Relationships; 4.13 Precedence Diagram for the Example Projects; 4.14 Value of Precedence Network; 4.15 Repetitive Operations; 4.16 Network Interfaces; 4.17 Master Network; 4.18 Subnetworks; 4.19 Computer Applications for Planning; Key Points and Questions; 5 Project Scheduling Concepts; 5.1 Introduction; 5.2 Scheduling Procedure; 5.3 Activity Times; 5.4 Rules for Estimating Activity Durations; 5.5 Estimating Activity Durations; 5.6 Time Contingency; 5.7 Project Weather Delays; 5.8 Network Time Computations; 5.9 Early Activity Times</subfield></datafield><datafield ind1='8' ind2=' ' tag='505'><subfield code='a'>5.10 Project Duration</subfield></datafield><datafield ind1=' ' ind2=' ' tag='520'><subfield code='a'>A thoroughly updated edition of the classic guide to project management of construction projects For more than thirty years, Construction Project Management has been considered the preeminent guide to all aspects of the construction project management process, including the Critical Path Method (CPM) of project scheduling, and much more. Now in its Sixth Edition, it continues to provide a solid foundation of the principles and fundamentals of project management, with a particular emphasis on project planning, demonstrated through an example project, along with new pedagogical elements such as end-of-chapter problems and questions and a full suite of instructor&apos;s resources.</subfield></datafield><datafield ind1=' ' ind2=' ' tag='546'><subfield code='a'>English</subfield></datafield><datafield ind1=' ' ind2=' ' tag='588'><subfield code='a'>Description based on print version record.</subfield></datafield><datafield ind1=' ' ind2='0' tag='650'><subfield code='a'>Construction industry</subfield><subfield code='x'>Management.</subfield></datafield><datafield ind1=' ' ind2='0' tag='650'><subfield code='a'>Project management.</subfield></datafield><datafield ind1=' ' ind2='4' tag='655'><subfield code='a'>Electronic books.</subfield></datafield><datafield ind1='1' ind2=' ' tag='700'><subfield code='a'>Sears, S. Keoki,</subfield><subfield code='e'>author.</subfield></datafield><datafield ind1=' ' ind2=' ' tag='776'><subfield code='z'>1-322-88111-1</subfield></datafield><datafield ind1=' ' ind2=' ' tag='776'><subfield code='z'>1-118-74505-1</subfield></datafield><datafield ind1=' ' ind2=' ' tag='906'><subfield code='a'>BOOK</subfield></datafield><datafield ind1=' ' ind2=' ' tag='PRT'><subfield code='a'>53420164100003811</subfield><subfield code='b'>https://sandbox01-na.alma.exlibrisgroup.com/view/uresolver/01TULI_INST/openurl?u.ignore_date_coverage=true&amp;rft.mms_id=991036850096403811</subfield><subfield code='e'>Ebook Central</subfield><subfield code='c'>Ebook Central Academic Complete</subfield><subfield code='h'>614200000000000002</subfield><subfield code='8'>53420164100003811</subfield></datafield><datafield ind1=' ' ind2=' ' tag='PRT'><subfield code='a'>53403973760003811</subfield><subfield code='b'>https://sandbox01-na.alma.exlibrisgroup.com/view/uresolver/01TULI_INST/openurl?u.ignore_date_coverage=true&amp;rft.mms_id=991036850096403811</subfield><subfield code='e'>Knovel</subfield><subfield code='c'>Knovel Civil Engineering &amp; Construction Materials Academic</subfield><subfield code='h'>612560000000000449</subfield><subfield code='8'>53403973760003811</subfield></datafield></record>