
<record xmlns='http://www.loc.gov/MARC21/slim'><leader>01218nam  2200325Ia 4500</leader><controlfield tag='001'>991036735253703811</controlfield><controlfield tag='005'>20170815170350.0</controlfield><controlfield tag='006'>m     o  d |      </controlfield><controlfield tag='007'>cr -n---------</controlfield><controlfield tag='008'>110930s2012    nju     o     001 0 eng d</controlfield><datafield ind1=' ' ind2=' ' tag='010'><subfield code='z'>  2011040423</subfield></datafield><datafield ind1=' ' ind2=' ' tag='020'><subfield code='a'>1-118-24354-4</subfield></datafield><datafield ind1=' ' ind2=' ' tag='020'><subfield code='a'>1-280-67315-X</subfield></datafield><datafield ind1=' ' ind2=' ' tag='020'><subfield code='a'>9786613650085</subfield></datafield><datafield ind1=' ' ind2=' ' tag='020'><subfield code='a'>1-118-23742-0</subfield></datafield><datafield ind1=' ' ind2=' ' tag='035'><subfield code='a'>(CKB)2670000000166884</subfield></datafield><datafield ind1=' ' ind2=' ' tag='035'><subfield code='a'>(EBL)818198</subfield></datafield><datafield ind1=' ' ind2=' ' tag='035'><subfield code='a'>(OCoLC)784883604</subfield></datafield><datafield ind1=' ' ind2=' ' tag='035'><subfield code='a'>(SSID)ssj0000634790</subfield></datafield><datafield ind1=' ' ind2=' ' tag='035'><subfield code='a'>(PQKBManifestationID)11397920</subfield></datafield><datafield ind1=' ' ind2=' ' tag='035'><subfield code='a'>(PQKBTitleCode)TC0000634790</subfield></datafield><datafield ind1=' ' ind2=' ' tag='035'><subfield code='a'>(PQKBWorkID)10642238</subfield></datafield><datafield ind1=' ' ind2=' ' tag='035'><subfield code='a'>(PQKB)11044817</subfield></datafield><datafield ind1=' ' ind2=' ' tag='035'><subfield code='a'>(MiAaPQ)EBC818198</subfield></datafield><datafield ind1=' ' ind2=' ' tag='035'><subfield code='a'>(EXLCZ)992670000000166884</subfield></datafield><datafield ind1=' ' ind2=' ' tag='040'><subfield code='a'>MiAaPQ</subfield><subfield code='c'>MiAaPQ</subfield><subfield code='d'>MiAaPQ</subfield></datafield><datafield ind1=' ' ind2=' ' tag='041'><subfield code='a'>eng</subfield></datafield><datafield ind1=' ' ind2='4' tag='050'><subfield code='a'>TH435</subfield><subfield code='b'>.D355 2012</subfield></datafield><datafield ind1='0' ind2='0' tag='082'><subfield code='a'>692.5</subfield><subfield code='a'>692/.5</subfield></datafield><datafield ind1='1' ind2=' ' tag='100'><subfield code='a'>DelPico, Wayne J.</subfield></datafield><datafield ind1='1' ind2='0' tag='245'><subfield code='a'>Estimating building costs for the residential &amp; light commercial construction professional</subfield><subfield code='h'>[electronic resource] /</subfield><subfield code='c'>Wayne J. DelPico.</subfield></datafield><datafield ind1=' ' ind2=' ' tag='250'><subfield code='a'>2nd ed.</subfield></datafield><datafield ind1=' ' ind2=' ' tag='260'><subfield code='a'>Hoboken, N.J. :</subfield><subfield code='b'>John Wiley &amp; Sons, Inc.,</subfield><subfield code='c'>2012.</subfield></datafield><datafield ind1=' ' ind2=' ' tag='300'><subfield code='a'>1 online resource (526 p.)</subfield></datafield><datafield ind1=' ' ind2=' ' tag='336'><subfield code='a'>text</subfield><subfield code='b'>txt</subfield></datafield><datafield ind1=' ' ind2=' ' tag='337'><subfield code='a'>computer</subfield><subfield code='b'>c</subfield></datafield><datafield ind1=' ' ind2=' ' tag='338'><subfield code='a'>online resource</subfield><subfield code='b'>cr</subfield></datafield><datafield ind1='0' ind2=' ' tag='490'><subfield code='a'>RSMeans ;</subfield><subfield code='v'>80</subfield></datafield><datafield ind1=' ' ind2=' ' tag='500'><subfield code='a'>Description based upon print version of record.</subfield></datafield><datafield ind1='0' ind2=' ' tag='505'><subfield code='a'>Estimating Building Costs :  for the Residential &amp; Light Commercial Construction Professional; Contents; Foreword; About the Author; Introduction; Chapter 1 The Working Drawings; The Role of the Drawings; Design Development; Organization of the Working Drawings; Title Block; Graphic Formats Used in Drawings; Drawing Conventions; Conclusion; Chapter 2 Understanding the Specifications; The Role of the Specifications; Organizing Specifications by CSI MasterFormat; The Project Manual; Conflicts Between Drawings and Specifications; Modifications to the Contract Documents; Conclusion</subfield></datafield><datafield ind1='8' ind2=' ' tag='505'><subfield code='a'>Chapter 3 Calculating Linear Measure, Area, and VolumeUnits of Measure; Decimal Equivalents; Linear Measurement; Angles; Area and Square Measure; Volume and Cubic Measure; Conclusion; Chapter 4 The Quantity Takeoff and Pricing; Reviewing the Documents; Beginning the Quantity Takeoff; Rules to Follow for Accurate Takeoffs; Accounting for Waste; Other Factors That Affect Quantities; The Unit Price Estimate; Pricing the Quantities; Submitting a Bid; Conclusion; Chapter 5 Understanding Material and Labor Costs; Materials; Labor; Indirect Overhead; Profit; Conclusion</subfield></datafield><datafield ind1='8' ind2=' ' tag='505'><subfield code='a'>Chapter 6 General RequirementsFixed and Variable Costs; Identifying General Requirements Cost Items; Applying Prices to General Requirements Items; Conclusion; Chapter 7 Existing Conditions; Assessment; Subsurface Investigation; Demolition and Structure Moving; Remediation; Existing Condition Drawings; Conclusion; Chapter 8 Concrete; Concrete Materials; Ready-Mixed Concrete; Formwork; Flatwork; Expansion Joints; Control Joints; Curing and Sealing; Reinforcement; Precast Concrete; Cementitious Decks; Embedded Items; Vapor Barriers and Rigid Insulation; Conclusion; Chapter 9 Masonry; Mortar</subfield></datafield><datafield ind1='8' ind2=' ' tag='505'><subfield code='a'>BrickConcrete Masonry Units (CMU); Stone; Masonry Reinforcement; Grout; Masonry Anchors and Ties; Masonry Restoration; Masonry Cleaning; Masonry Insulation; Flashings; Cutting Masonry Units; Items Furnished by Other Trades; Control Joints; Incidentals for Fireplace and Chimney Construction; Freight of Masonry Units; Staging and Scaffolding for Masonry Work; Cleanup; Masonry Sealing; Conclusion; Chapter 10 Metals; Structural Steel; Open-Web Steel Joists; Metal Decking Structure; Light-Gauge Metal Framing (LGMF); Studs and Track; Miscellaneous and Ornamental Metals; Miscellaneous Costs</subfield></datafield><datafield ind1='8' ind2=' ' tag='505'><subfield code='a'>ConclusionChapter 11 Wood, Plastics, and Composites; Rough Carpentry and Framing; Finish Carpentry; Architectural Millwork; Structural Plastics; Casework and Cabinetry; Conclusion; Chapter 12 Thermal and Moisture Protection; Waterproofing; Dampproofing; Insulation; Vapor Barriers; Air Infiltration Barriers; Exterior Siding; Roofing; Fire-Stop Systems and Sprayed Fireproofing; Expansion Joints; Conclusion; Chapter 13 Openings; Architectural Drawings; Hollow Metal Frames and Doors; Wood Doors and Frames; Sliding Glass Doors; Special Doors; General Notes on Estimating Doors</subfield></datafield><datafield ind1='8' ind2=' ' tag='505'><subfield code='a'>Overhead and Coiling Doors</subfield></datafield><datafield ind1=' ' ind2=' ' tag='520'><subfield code='a'> How to succeed in the construction business-step-by-step guidelines for estimating  To be competitive, contractors and homebuilders need to know how to generate complete, accurate estimates for labor and material costs. This book guides readers through the entire estimating process, explaining in detail how to put together a reliable estimate that can be used not only for budgeting, but also for developing a schedule, managing a project, dealing with contingencies, and ultimately making a profit.  Completely revised and updated to reflect the new CSI MasterFormat 2010TM system, the S</subfield></datafield><datafield ind1=' ' ind2=' ' tag='546'><subfield code='a'>English</subfield></datafield><datafield ind1=' ' ind2='0' tag='650'><subfield code='a'>Building</subfield><subfield code='x'>Estimates</subfield><subfield code='z'>United States.</subfield></datafield><datafield ind1=' ' ind2='0' tag='650'><subfield code='a'>Building</subfield><subfield code='x'>Estimates.</subfield></datafield><datafield ind1=' ' ind2='4' tag='655'><subfield code='a'>Electronic books.</subfield></datafield><datafield ind1=' ' ind2=' ' tag='776'><subfield code='z'>1-118-09941-9</subfield></datafield><datafield ind1='1' ind2=' ' tag='700'><subfield code='a'>DelPico, Wayne J.</subfield><subfield code='t'>Estimating building costs.</subfield></datafield><datafield ind1=' ' ind2='0' tag='830'><subfield code='a'>RSMeans</subfield></datafield><datafield ind1=' ' ind2=' ' tag='906'><subfield code='a'>BOOK</subfield></datafield><datafield ind1=' ' ind2=' ' tag='PRT'><subfield code='a'>53424145770003811</subfield><subfield code='b'>https://sandbox01-na.alma.exlibrisgroup.com/view/uresolver/01TULI_INST/openurl?u.ignore_date_coverage=true&amp;rft.mms_id=991036735253703811</subfield><subfield code='e'>Ebook Central</subfield><subfield code='c'>Ebook Central College Complete</subfield><subfield code='h'>614330000000000032</subfield><subfield code='8'>53424145770003811</subfield></datafield><datafield ind1=' ' ind2=' ' tag='PRT'><subfield code='a'>53422047430003811</subfield><subfield code='b'>https://sandbox01-na.alma.exlibrisgroup.com/view/uresolver/01TULI_INST/openurl?u.ignore_date_coverage=true&amp;rft.mms_id=991036735253703811</subfield><subfield code='e'>Ebook Central</subfield><subfield code='c'>Ebook Central Academic Complete</subfield><subfield code='h'>614200000000000002</subfield><subfield code='8'>53422047430003811</subfield></datafield></record>