
<record xmlns='http://www.loc.gov/MARC21/slim'><leader>01567nam  2200349 i 4500</leader><controlfield tag='001'>991036901672403811</controlfield><controlfield tag='005'>20170905111615.0</controlfield><controlfield tag='006'>m     o  d |      </controlfield><controlfield tag='007'>cr nn 008mamaa</controlfield><controlfield tag='008'>170803t20172017nyua    o     001 0 eng|d</controlfield><datafield ind1=' ' ind2=' ' tag='020'><subfield code='a'>3-319-55173-6</subfield></datafield><datafield ind1='7' ind2=' ' tag='024'><subfield code='a'>10.1007/978-3-319-55173-9</subfield><subfield code='2'>doi</subfield></datafield><datafield ind1=' ' ind2=' ' tag='035'><subfield code='a'>(CKB)4100000000587651</subfield></datafield><datafield ind1=' ' ind2=' ' tag='035'><subfield code='a'>(DE-He213)978-3-319-55173-9</subfield></datafield><datafield ind1=' ' ind2=' ' tag='035'><subfield code='a'>(MiAaPQ)EBC5024026</subfield></datafield><datafield ind1=' ' ind2=' ' tag='035'><subfield code='a'>(EXLCZ)994100000000587651</subfield></datafield><datafield ind1=' ' ind2=' ' tag='040'><subfield code='a'>MiAaPQ</subfield><subfield code='b'>eng</subfield><subfield code='e'>rda</subfield><subfield code='e'>pn</subfield><subfield code='c'>MiAaPQ</subfield><subfield code='d'>MiAaPQ</subfield></datafield><datafield ind1=' ' ind2='4' tag='050'><subfield code='a'>NX180.S6</subfield><subfield code='b'>R44 2017</subfield></datafield><datafield ind1=' ' ind2='7' tag='072'><subfield code='a'>JFC</subfield><subfield code='2'>bicssc</subfield></datafield><datafield ind1=' ' ind2='7' tag='072'><subfield code='a'>SOC000000</subfield><subfield code='2'>bisacsh</subfield></datafield><datafield ind1='0' ind2='4' tag='082'><subfield code='a'>306.094</subfield><subfield code='2'>23</subfield></datafield><datafield ind1='0' ind2='0' tag='245'><subfield code='a'>Regimes of invisibility in contemporary art, theory and culture :</subfield><subfield code='b'>image, racialization, history /</subfield><subfield code='c'>Marina Gržinić, Aneta Stojnić, Miško Šuvaković, editors ; contributions by Marina Gržinić [and nine others].</subfield></datafield><datafield ind1=' ' ind2='1' tag='264'><subfield code='a'>New York, NY :</subfield><subfield code='b'>Springer Berlin Heidelberg,</subfield><subfield code='c'>[2017]</subfield></datafield><datafield ind1=' ' ind2='4' tag='264'><subfield code='c'>©2017</subfield></datafield><datafield ind1=' ' ind2=' ' tag='300'><subfield code='a'>1 online resource (VII, 173 p. 3 illus.) </subfield></datafield><datafield ind1=' ' ind2=' ' tag='336'><subfield code='a'>text</subfield><subfield code='b'>txt</subfield><subfield code='2'>rdacontent</subfield></datafield><datafield ind1=' ' ind2=' ' tag='337'><subfield code='a'>computer</subfield><subfield code='b'>c</subfield><subfield code='2'>rdamedia</subfield></datafield><datafield ind1=' ' ind2=' ' tag='338'><subfield code='a'>online resource</subfield><subfield code='b'>cr</subfield><subfield code='2'>rdacarrier</subfield></datafield><datafield ind1=' ' ind2=' ' tag='347'><subfield code='a'>text file</subfield><subfield code='b'>PDF</subfield><subfield code='2'>rda</subfield></datafield><datafield ind1='0' ind2=' ' tag='505'><subfield code='a'>1. Introduction: Image, Racialization, History -- 2. Racialized bodies, and the digital (financial) mode of production -- 3. Politics and Aesthetics of Databases and Forensics -- 4. The Emancipation of Necrocapitalism: Teleological Function of Liberalism and the Optimization of Hegemony -- 5. Influence of Western Society on Identity Politics of Sexual and Gender Minorities in Colonial and Post-Colonial India -- 6. Radical Contemporaneity: Politics of the Image in Videos by Gržinić &amp; Šmid -- 7. Affective Constructions: Image – Racialization – History -- 8. Spiritual Revolutions: Afropean Body Politics and the &apos;Secularity&apos; of the Arts -- 9. “Contingent monuments”: Constructions of Publicness in the Fascist Italy Exhibition Complex, 1920s-1940s -- 10. Screened Otherness: A Media Archaeology of Romani Criminalization -- 11. An Image and its Histories: The Uncovering of Rembrandt’s Masterpiece Lost During the Second World War.- .</subfield></datafield><datafield ind1=' ' ind2=' ' tag='520'><subfield code='a'>This book places a focus on the regimes of in/visibility and representation in Europe and offers an innovative perspective on the topic of global capitalism in relation to questions of race, class, gender and migration, as well as historicization of biopolitics and (de)coloniality. The aim of this volume is to revisit theories of art, new media technology, and aesthetics under the weight of political processes of discrimination, racism, anti-Semitism and new forms of coloniality in order to propose a new dispositive of the ontology and epistemology of the image, of life and capitalism as well as labor and modes of life. This book is firmly embedded in the present moment, when due to rapid and major changes on all levels of political and social reality the need for rearticulation in theoretical, artistic and political practices and rethinking of historical narratives becomes almost tangible.</subfield></datafield><datafield ind1=' ' ind2=' ' tag='500'><subfield code='a'>Includes index.</subfield></datafield><datafield ind1=' ' ind2=' ' tag='588'><subfield code='a'>Description based on print version record.</subfield></datafield><datafield ind1=' ' ind2='0' tag='650'><subfield code='a'>Arts and society</subfield><subfield code='z'>Europe</subfield><subfield code='x'>History.</subfield></datafield><datafield ind1=' ' ind2='4' tag='655'><subfield code='a'>Electronic books.</subfield></datafield><datafield ind1=' ' ind2=' ' tag='776'><subfield code='z'>3-319-55172-8</subfield></datafield><datafield ind1='1' ind2=' ' tag='700'><subfield code='a'>Gržinić, Marina,</subfield><subfield code='e'>editor.</subfield></datafield><datafield ind1='1' ind2=' ' tag='700'><subfield code='a'>Stojnić, Aneta,</subfield><subfield code='e'>editor.</subfield></datafield><datafield ind1='1' ind2=' ' tag='700'><subfield code='a'>Šuvaković, Miško,</subfield><subfield code='e'>editor.</subfield></datafield><datafield ind1=' ' ind2=' ' tag='906'><subfield code='a'>BOOK</subfield></datafield><datafield ind1=' ' ind2=' ' tag='PRT'><subfield code='a'>53425902970003811</subfield><subfield code='b'>https://sandbox01-na.alma.exlibrisgroup.com/view/uresolver/01TULI_INST/openurl?u.ignore_date_coverage=true&amp;rft.mms_id=991036901672403811</subfield><subfield code='e'>Springer Link</subfield><subfield code='c'>SpringerLINK eBooks - English/International Collection (2017)</subfield><subfield code='h'>613810000000000404</subfield><subfield code='8'>53425902970003811</subfield></datafield></record>