
<record xmlns='http://www.loc.gov/MARC21/slim'><leader>04344cam a2200505 i 4500</leader><controlfield tag='005'>20180315122135.0</controlfield><controlfield tag='008'>150610t20162016nyua     b    001 0 eng  </controlfield><controlfield tag='001'>991016525029703811</controlfield><datafield ind1=' ' ind2=' ' tag='010'><subfield code='a'>2015010794</subfield></datafield><datafield ind1=' ' ind2=' ' tag='020'><subfield code='a'>9780199360369</subfield><subfield code='q'>(hardback ;</subfield><subfield code='q'>acid-free paper)</subfield></datafield><datafield ind1=' ' ind2=' ' tag='020'><subfield code='a'>0199360367</subfield><subfield code='q'>(hardback ;</subfield><subfield code='q'>acid-free paper)</subfield></datafield><datafield ind1=' ' ind2=' ' tag='020'><subfield code='a'>9780199360376</subfield><subfield code='q'>(paperback ;</subfield><subfield code='q'>acid-free paper)</subfield></datafield><datafield ind1=' ' ind2=' ' tag='020'><subfield code='a'>0199360375</subfield><subfield code='q'>(paperback ;</subfield><subfield code='q'>acid-free paper)</subfield></datafield><datafield ind1=' ' ind2=' ' tag='035'><subfield code='a'>(PPT)b59694658-01tuli_inst</subfield></datafield><datafield ind1=' ' ind2=' ' tag='035'><subfield code='a'>(OCoLC)910293868</subfield></datafield><datafield ind1=' ' ind2=' ' tag='035'><subfield code='a'>ocn910293868</subfield></datafield><datafield ind1=' ' ind2=' ' tag='035'><subfield code='a'>(OCLC)ocn910293868</subfield></datafield><datafield ind1=' ' ind2=' ' tag='040'><subfield code='a'>DLC</subfield><subfield code='b'>eng</subfield><subfield code='e'>rda</subfield><subfield code='c'>DLC</subfield><subfield code='d'>YDXCP</subfield><subfield code='d'>BTCTA</subfield><subfield code='d'>BDX</subfield><subfield code='d'>OCLCO</subfield><subfield code='d'>OCLCF</subfield><subfield code='d'>BUF</subfield><subfield code='d'>OSU</subfield><subfield code='d'>TXQ</subfield><subfield code='d'>ILI</subfield></datafield><datafield ind1=' ' ind2=' ' tag='042'><subfield code='a'>pcc</subfield></datafield><datafield ind1=' ' ind2=' ' tag='043'><subfield code='a'>n-us---</subfield></datafield><datafield ind1=' ' ind2=' ' tag='079'><subfield code='a'>ocn910293868</subfield></datafield><datafield ind1=' ' ind2=' ' tag='090'><subfield code='a'>KF3054.C56</subfield><subfield code='b'>K73 2016</subfield></datafield><datafield ind1='1' ind2=' ' tag='100'><subfield code='a'>Kraut, Anthea,</subfield><subfield code='e'>author.</subfield></datafield><datafield ind1='1' ind2='0' tag='245'><subfield code='a'>Choreographing copyright :</subfield><subfield code='b'>race, gender, and intellectual property rights in American dance /</subfield><subfield code='c'>Anthea Kraut.</subfield></datafield><datafield ind1=' ' ind2='1' tag='264'><subfield code='a'>New York, N.Y. :</subfield><subfield code='b'>Oxford University Press,</subfield><subfield code='c'>[2016]</subfield></datafield><datafield ind1=' ' ind2='4' tag='264'><subfield code='c'>©2016</subfield></datafield><datafield ind1=' ' ind2=' ' tag='300'><subfield code='a'>xxi, 305 pages :</subfield><subfield code='b'>illustrations ;</subfield><subfield code='c'>24 cm</subfield></datafield><datafield ind1=' ' ind2=' ' tag='336'><subfield code='a'>text</subfield><subfield code='b'>txt</subfield><subfield code='2'>rdacontent</subfield></datafield><datafield ind1=' ' ind2=' ' tag='337'><subfield code='a'>unmediated</subfield><subfield code='b'>n</subfield><subfield code='2'>rdamedia</subfield></datafield><datafield ind1=' ' ind2=' ' tag='338'><subfield code='a'>volume</subfield><subfield code='b'>nc</subfield><subfield code='2'>rdacarrier</subfield></datafield><datafield ind1=' ' ind2=' ' tag='504'><subfield code='a'>Includes bibliographical references and index.</subfield></datafield><datafield ind1='0' ind2=' ' tag='505'><subfield code='a'>Introduction: Dance plus copyright -- White womanhood and early campaigns for choreographic copyright -- The black body as object and subject of property -- &quot;Stealing steps&quot; and signature moves: alternative systems of copyright -- &quot;High-brow meets low-down&quot;: copyright on Broadway -- Copyright and the death/life of the choreographer -- Coda: Beyoncé v. De Keersmaeker -- Appendix: A timeline of intellectual property rights and dance in the United States.</subfield></datafield><datafield ind1=' ' ind2=' ' tag='520'><subfield code='a'>&quot;Choreographing Copyright provides a historical and cultural analysis of U.S.-based dance-makers&apos; investment in intellectual property rights. Although federal copyright law in the U.S. did not recognize choreography as a protectable class prior to the 1976 Copyright Act, efforts to win copyright protection for dance began eight decades earlier. In a series of case studies stretching from the late nineteenth century to the early twenty-first, the book reconstructs those efforts and teases out their raced and gendered politics. Rather than chart a narrative of progress, the book shows how dancers working in a range of genres have embraced intellectual property rights as a means to both consolidate and contest racial and gendered power. A number of the artists featured in Choreographing Copyright are well-known white figures in the history of American dance, including modern dancers Loie Fuller, Hanya Holm, and Martha Graham, and ballet artists Agnes de Mille and George Balanchine. But the book also uncovers a host of marginalized figures - from the South Asian dancer Mohammed Ismail, to the African American pantomimist Johnny Hudgins, to the African American blues singer Alberta Hunter, to the white burlesque dancer Faith Dane - who were equally interested in positioning themselves as subjects rather than objects of property, as possessive individuals rather than exchangeable commodities. Choreographic copyright, the book argues, has been a site for the reinforcement of gendered white privilege as well as for challenges to it. Drawing on critical race and feminist theories and on cultural studies of copyright, Choreographing Copyright offers fresh insight into such issues as: the raced and gendered hierarchies that govern the theatrical marketplace, white women&apos;s historically contingent relationship to property rights, legacies of ownership of black bodies and appropriation of non-white labor, and the tension between dance&apos;s ephemerality and its reproducibility&quot;--</subfield><subfield code='c'>Provided by publisher.</subfield></datafield><datafield ind1=' ' ind2='0' tag='650'><subfield code='a'>Copyright</subfield><subfield code='x'>Choreography</subfield><subfield code='z'>United States.</subfield></datafield><datafield ind1=' ' ind2='0' tag='650'><subfield code='a'>Dance</subfield><subfield code='x'>Law and legislation</subfield><subfield code='z'>United States.</subfield></datafield><datafield ind1=' ' ind2='0' tag='650'><subfield code='a'>Dance</subfield><subfield code='x'>Social aspects</subfield><subfield code='z'>United States.</subfield></datafield><datafield ind1=' ' ind2='7' tag='650'><subfield code='a'>Copyright</subfield><subfield code='x'>Choreography.</subfield><subfield code='2'>fast</subfield><subfield code='0'>(OCoLC)fst00878719</subfield></datafield><datafield ind1=' ' ind2='7' tag='650'><subfield code='a'>Dance</subfield><subfield code='x'>Law and legislation.</subfield><subfield code='2'>fast</subfield><subfield code='0'>(OCoLC)fst00887430</subfield></datafield><datafield ind1=' ' ind2='7' tag='650'><subfield code='a'>Dance</subfield><subfield code='x'>Social aspects.</subfield><subfield code='2'>fast</subfield><subfield code='0'>(OCoLC)fst00887466</subfield></datafield><datafield ind1=' ' ind2='7' tag='651'><subfield code='a'>United States.</subfield><subfield code='2'>fast</subfield><subfield code='0'>(OCoLC)fst01204155</subfield></datafield><datafield ind1=' ' ind2=' ' tag='907'><subfield code='a'>.b59694658</subfield><subfield code='b'>p    </subfield><subfield code='c'>-</subfield></datafield><datafield ind1=' ' ind2=' ' tag='945'><subfield code='l'>pstk </subfield><subfield code='g'>1</subfield></datafield><datafield ind1=' ' ind2=' ' tag='979'><subfield code='a'>ocn910293868</subfield></datafield><datafield ind1=' ' ind2=' ' tag='998'><subfield code='b'>1</subfield><subfield code='c'>160215</subfield><subfield code='d'>m</subfield><subfield code='e'>a</subfield><subfield code='f'>-</subfield><subfield code='g'>0</subfield></datafield><datafield ind1=' ' ind2=' ' tag='998'><subfield code='b'>1</subfield><subfield code='c'>160215</subfield><subfield code='d'>m</subfield><subfield code='e'>a</subfield><subfield code='f'>-</subfield><subfield code='g'>0</subfield></datafield><datafield ind1=' ' ind2=' ' tag='ADM'><subfield code='b'>2018-03-15 16:21:35</subfield><subfield code='e'>b59694658-01tuli_inst</subfield><subfield code='d'>ILS</subfield><subfield code='a'>2017-06-20 13:16:11</subfield><subfield code='c'>false</subfield></datafield><datafield ind1='0' ind2=' ' tag='HLD'><subfield code='b'>MAIN</subfield><subfield code='c'>stacks</subfield><subfield code='h'>KF3054.C56</subfield><subfield code='i'>K73 2016</subfield><subfield code='8'>22323830850003811</subfield></datafield><datafield ind1=' ' ind2=' ' tag='ITM'><subfield code='r'>22323830850003811</subfield><subfield code='b'>0</subfield><subfield code='u'>LOAN</subfield><subfield code='h'>0</subfield><subfield code='g'>stacks</subfield><subfield code='t'>BOOK</subfield><subfield code='9'>39074028865046</subfield><subfield code='e'>stacks</subfield><subfield code='8'>23323830840003811</subfield><subfield code='a'>0</subfield><subfield code='q'>2017-06-20 13:16:11</subfield><subfield code='i'>KF3054.C56 K73 2016</subfield><subfield code='d'>MAIN</subfield><subfield code='f'>MAIN</subfield></datafield></record>