
<record xmlns='http://www.loc.gov/MARC21/slim'><leader>04921cam a2200601 i 4500</leader><controlfield tag='005'>20170825204144.0</controlfield><controlfield tag='008'>160115s2016    enka     b    001 0 eng  </controlfield><controlfield tag='001'>991029902009703811</controlfield><datafield ind1=' ' ind2=' ' tag='010'><subfield code='a'>2015043336</subfield></datafield><datafield ind1=' ' ind2=' ' tag='020'><subfield code='a'>9780199733156</subfield><subfield code='q'>(hardback)</subfield></datafield><datafield ind1=' ' ind2=' ' tag='020'><subfield code='a'>0199733155</subfield><subfield code='q'>(hardback)</subfield></datafield><datafield ind1=' ' ind2=' ' tag='020'><subfield code='z'>9780199911325</subfield></datafield><datafield ind1=' ' ind2=' ' tag='020'><subfield code='z'>9780199908882</subfield></datafield><datafield ind1=' ' ind2=' ' tag='035'><subfield code='a'>(PPT)b64089368-01tuli_inst</subfield></datafield><datafield ind1=' ' ind2=' ' tag='035'><subfield code='a'>(OCoLC)934884257</subfield><subfield code='z'>(OCoLC)950698647</subfield></datafield><datafield ind1=' ' ind2=' ' tag='035'><subfield code='a'>ocn934884257</subfield></datafield><datafield ind1=' ' ind2=' ' tag='035'><subfield code='a'>(OCLC)ocn934884257</subfield></datafield><datafield ind1=' ' ind2=' ' tag='040'><subfield code='a'>DLC</subfield><subfield code='b'>eng</subfield><subfield code='e'>rda</subfield><subfield code='c'>DLC</subfield><subfield code='d'>YDXCP</subfield><subfield code='d'>BTCTA</subfield><subfield code='d'>BDX</subfield><subfield code='d'>OCLCF</subfield><subfield code='d'>COO</subfield><subfield code='d'>EYM</subfield><subfield code='d'>INU</subfield><subfield code='d'>STF</subfield><subfield code='d'>PUL</subfield><subfield code='d'>OCLCQ</subfield></datafield><datafield ind1=' ' ind2=' ' tag='042'><subfield code='a'>pcc</subfield></datafield><datafield ind1=' ' ind2=' ' tag='043'><subfield code='a'>n-us---</subfield></datafield><datafield ind1=' ' ind2=' ' tag='079'><subfield code='a'>ocn934884257</subfield></datafield><datafield ind1=' ' ind2=' ' tag='090'><subfield code='a'>HV4764</subfield><subfield code='b'>.D38 2016</subfield></datafield><datafield ind1='1' ind2=' ' tag='100'><subfield code='a'>Davis, Janet M.,</subfield><subfield code='e'>author.</subfield></datafield><datafield ind1='1' ind2='4' tag='245'><subfield code='a'>The gospel of kindness :</subfield><subfield code='b'>animal welfare and the making of modern America /</subfield><subfield code='c'>Janet M. Davis.</subfield></datafield><datafield ind1=' ' ind2='1' tag='264'><subfield code='a'>Oxford ;</subfield><subfield code='a'>New York :</subfield><subfield code='b'>Oxford University Press,</subfield><subfield code='c'>[2016]</subfield></datafield><datafield ind1=' ' ind2=' ' tag='300'><subfield code='a'>xiii, 302 pages :</subfield><subfield code='b'>illustrations ;</subfield><subfield code='c'>24 cm</subfield></datafield><datafield ind1=' ' ind2=' ' tag='336'><subfield code='a'>text</subfield><subfield code='b'>txt</subfield><subfield code='2'>rdacontent</subfield></datafield><datafield ind1=' ' ind2=' ' tag='337'><subfield code='a'>unmediated</subfield><subfield code='b'>n</subfield><subfield code='2'>rdamedia</subfield></datafield><datafield ind1=' ' ind2=' ' tag='338'><subfield code='a'>volume</subfield><subfield code='b'>nc</subfield><subfield code='2'>rdacarrier</subfield></datafield><datafield ind1=' ' ind2=' ' tag='500'><subfield code='a'>Includes index.</subfield></datafield><datafield ind1=' ' ind2=' ' tag='504'><subfield code='a'>Includes bibliographical references and index.</subfield></datafield><datafield ind1='0' ind2=' ' tag='505'><subfield code='a'>&quot;A righteous man regards the life of his beast&quot;: The Roots of the Gospel of kindness in the Second Great Awakening and Antebellum Reform -- &quot;A World of Kindness is a Copy of Heaven&quot;: Animals, Moral Uplift, and the Woman&apos;s Christian Temperance Union -- From Dog Eaters to Mule Beaters: Representing the Accused as Alien Other -- An Empire of Kindness: American Animal Welfare Policy and Moral Expansionism Overseas -- &quot;A Country Rich in Cattle&quot;: Gospels of Kindness in Colonial South Asia -- &quot;So Thoroughly Un-American&quot;: Making Historical Sense of the Bullfight.</subfield></datafield><datafield ind1=' ' ind2=' ' tag='520'><subfield code='a'>&quot;When we consider modern American animal advocacy, we often think of veganism, no-kill shelters, Internet campaigns against trophy hunting, or celebrities declaring that they would &quot;rather go naked&quot; than wear fur. Contemporary critics readily dismiss animal protectionism as a modern secular movement that privileges animals over people. Yet the movement&apos;s roots are deeply tied to the nation&apos;s history of religious revivalism and social reform. The Gospel of Kindness explores the broad cultural and social influence of the American animal welfare movement at home and overseas from the Second Great Awakening to the Second World War. Dedicated primarily to laboring animals at its inception in an animal-powered world, the movement eventually included virtually all areas of human and animal interaction. Embracing animals as brethren through biblical concepts of stewardship, a diverse coalition of temperance groups, teachers, Protestant missionaries, religious leaders, civil rights activists, policy makers, and anti-imperialists forged an expansive transnational &quot;gospel of kindness,&quot; which defined animal mercy as a signature American value. Their interpretation of this &quot;gospel&quot; extended beyond the New Testament to preach kindness as a secular and spiritual truth. As a cultural product of antebellum revivalism, reform, and the rights revolution of the Civil War era, animal kindness became a barometer of free moral agency, higher civilization, and assimilation. Yet given the cultural, economic, racial, and ethnic diversity of the United States, its empire, and other countries of contact, standards of kindness and cruelty were culturally contingent and potentially controversial. Diverse constituents defended specific animal practices, such as cockfighting, bullfighting, songbird consumption, and kosher slaughter, as inviolate cultural traditions that reinforced their right to self-determination. Ultimately, American animal advocacy became a powerful humanitarian ideal, a barometer of inclusion and national belonging at home and abroad that endures to this day&quot;--</subfield><subfield code='c'>Provided by publisher.</subfield></datafield><datafield ind1=' ' ind2='0' tag='650'><subfield code='a'>Animal welfare</subfield><subfield code='z'>United States</subfield><subfield code='x'>History.</subfield></datafield><datafield ind1=' ' ind2='0' tag='650'><subfield code='a'>Animal rights</subfield><subfield code='z'>United States</subfield><subfield code='x'>History.</subfield></datafield><datafield ind1=' ' ind2='0' tag='650'><subfield code='a'>Social values</subfield><subfield code='z'>United States</subfield><subfield code='x'>History.</subfield></datafield><datafield ind1=' ' ind2='7' tag='650'><subfield code='a'>HISTORY</subfield><subfield code='z'>United States</subfield><subfield code='x'>General.</subfield><subfield code='2'>bisacsh</subfield></datafield><datafield ind1=' ' ind2='7' tag='650'><subfield code='a'>NATURE</subfield><subfield code='x'>Animal Rights.</subfield><subfield code='2'>bisacsh</subfield></datafield><datafield ind1=' ' ind2='7' tag='650'><subfield code='a'>Animal rights.</subfield><subfield code='2'>fast</subfield><subfield code='0'>(OCoLC)fst00809364</subfield></datafield><datafield ind1=' ' ind2='7' tag='650'><subfield code='a'>Animal welfare.</subfield><subfield code='2'>fast</subfield><subfield code='0'>(OCoLC)fst00809431</subfield></datafield><datafield ind1=' ' ind2='7' tag='650'><subfield code='a'>Social conditions.</subfield><subfield code='2'>fast</subfield><subfield code='0'>(OCoLC)fst01919811</subfield></datafield><datafield ind1=' ' ind2='7' tag='650'><subfield code='a'>Social values.</subfield><subfield code='2'>fast</subfield><subfield code='0'>(OCoLC)fst01123424</subfield></datafield><datafield ind1=' ' ind2='0' tag='651'><subfield code='a'>United States</subfield><subfield code='x'>Social conditions.</subfield></datafield><datafield ind1=' ' ind2='0' tag='651'><subfield code='a'>United States</subfield><subfield code='x'>History.</subfield></datafield><datafield ind1=' ' ind2='7' tag='651'><subfield code='a'>United States.</subfield><subfield code='2'>fast</subfield><subfield code='0'>(OCoLC)fst01204155</subfield></datafield><datafield ind1=' ' ind2='7' tag='655'><subfield code='a'>History.</subfield><subfield code='2'>fast</subfield><subfield code='0'>(OCoLC)fst01411628</subfield></datafield><datafield ind1='0' ind2='8' tag='776'><subfield code='i'>Online version:</subfield><subfield code='a'>Davis, Janet M., author.</subfield><subfield code='t'>Gospel of kindness.</subfield><subfield code='d'>Oxford ; New York : Oxford University Press, [2016]</subfield><subfield code='z'>9780199911325</subfield><subfield code='w'>(DLC)  2016002418</subfield></datafield><datafield ind1=' ' ind2=' ' tag='902'><subfield code='a'>170322</subfield></datafield><datafield ind1=' ' ind2=' ' tag='907'><subfield code='a'>.b64089368</subfield><subfield code='b'>a    </subfield><subfield code='c'>-</subfield></datafield><datafield ind1=' ' ind2=' ' tag='945'><subfield code='l'>astk </subfield><subfield code='g'>1</subfield></datafield><datafield ind1=' ' ind2=' ' tag='979'><subfield code='a'>ocn934884257</subfield></datafield><datafield ind1=' ' ind2=' ' tag='998'><subfield code='b'>1</subfield><subfield code='c'>170224</subfield><subfield code='d'>m</subfield><subfield code='e'>a</subfield><subfield code='f'>-</subfield><subfield code='g'>4</subfield></datafield><datafield ind1=' ' ind2=' ' tag='998'><subfield code='b'>1</subfield><subfield code='c'>170224</subfield><subfield code='d'>m</subfield><subfield code='e'>a</subfield><subfield code='f'>-</subfield><subfield code='g'>4</subfield></datafield><datafield ind1=' ' ind2=' ' tag='ADM'><subfield code='b'>2017-08-26 00:41:44</subfield><subfield code='e'>b64089368-01tuli_inst</subfield><subfield code='d'>ILS</subfield><subfield code='a'>2017-06-20 06:30:37</subfield><subfield code='c'>false</subfield></datafield><datafield ind1='0' ind2=' ' tag='HLD'><subfield code='b'>AMBLER</subfield><subfield code='c'>stacks</subfield><subfield code='h'>HV4764</subfield><subfield code='i'>.D38 2016</subfield><subfield code='8'>22249074160003811</subfield></datafield><datafield ind1=' ' ind2=' ' tag='ITM'><subfield code='r'>22249074160003811</subfield><subfield code='b'>1</subfield><subfield code='h'>0</subfield><subfield code='g'>stacks</subfield><subfield code='t'>BOOK</subfield><subfield code='9'>39074030193999</subfield><subfield code='e'>stacks</subfield><subfield code='8'>23249074150003811</subfield><subfield code='a'>0</subfield><subfield code='q'>2017-06-20 06:30:37</subfield><subfield code='i'>HV4764 .D38 2016</subfield><subfield code='d'>AMBLER</subfield><subfield code='f'>AMBLER</subfield></datafield></record>