
<record xmlns='http://www.loc.gov/MARC21/slim'><leader>03968nam  2200601 i 4500</leader><controlfield tag='001'>991036824521203811</controlfield><controlfield tag='005'>20170919224636.0</controlfield><controlfield tag='006'>m     o  d |      </controlfield><controlfield tag='007'>cr -n---------</controlfield><controlfield tag='008'>150721s2015    abc     ob    001 0aeng  </controlfield><datafield ind1=' ' ind2=' ' tag='010'><subfield code='q'>(print)</subfield></datafield><datafield ind1=' ' ind2=' ' tag='016'><subfield code='q'>(print)</subfield></datafield><datafield ind1=' ' ind2=' ' tag='020'><subfield code='a'>1-77212-055-3</subfield></datafield><datafield ind1=' ' ind2=' ' tag='020'><subfield code='a'>1-77212-053-7</subfield></datafield><datafield ind1=' ' ind2=' ' tag='035'><subfield code='a'>(CKB)3710000000499177</subfield></datafield><datafield ind1=' ' ind2=' ' tag='035'><subfield code='a'>(EBL)4384415</subfield></datafield><datafield ind1=' ' ind2=' ' tag='035'><subfield code='a'>(OCoLC)939262138</subfield></datafield><datafield ind1=' ' ind2=' ' tag='035'><subfield code='a'>(SSID)ssj0001605411</subfield></datafield><datafield ind1=' ' ind2=' ' tag='035'><subfield code='a'>(PQKBManifestationID)16309116</subfield></datafield><datafield ind1=' ' ind2=' ' tag='035'><subfield code='a'>(PQKBTitleCode)TC0001605411</subfield></datafield><datafield ind1=' ' ind2=' ' tag='035'><subfield code='a'>(PQKBWorkID)13032804</subfield></datafield><datafield ind1=' ' ind2=' ' tag='035'><subfield code='a'>(PQKB)10087363</subfield></datafield><datafield ind1=' ' ind2=' ' tag='035'><subfield code='a'>(OOCEL)450982</subfield></datafield><datafield ind1=' ' ind2=' ' tag='035'><subfield code='a'>(OCoLC)907565796</subfield></datafield><datafield ind1=' ' ind2=' ' tag='035'><subfield code='a'>(CaBNVSL)kck00236230</subfield></datafield><datafield ind1=' ' ind2=' ' tag='035'><subfield code='a'>(MiAaPQ)EBC4384415</subfield></datafield><datafield ind1=' ' ind2=' ' tag='035'><subfield code='a'>(EXLCZ)993710000000499177</subfield></datafield><datafield ind1=' ' ind2=' ' tag='040'><subfield code='a'>MiAaPQ</subfield><subfield code='b'>eng</subfield><subfield code='e'>rda</subfield><subfield code='e'>pn</subfield><subfield code='c'>MiAaPQ</subfield><subfield code='d'>MiAaPQ</subfield></datafield><datafield ind1=' ' ind2=' ' tag='041'><subfield code='a'>eng</subfield></datafield><datafield ind1=' ' ind2=' ' tag='043'><subfield code='a'>n-cn---</subfield><subfield code='a'>f-sa---</subfield><subfield code='a'>e-uk---</subfield></datafield><datafield ind1=' ' ind2='4' tag='050'><subfield code='a'>DT1916</subfield><subfield code='b'>.G73 2015</subfield></datafield><datafield ind1=' ' ind2=' ' tag='082'><subfield code='a'>968.04/8</subfield></datafield><datafield ind1='1' ind2=' ' tag='100'><subfield code='a'>Graham, E. Maud,</subfield><subfield code='d'>1876-1949,</subfield><subfield code='e'>author.</subfield></datafield><datafield ind1='1' ind2='2' tag='245'><subfield code='a'>A Canadian girl in South Africa :</subfield><subfield code='b'>a teacher&apos;s experiences in the South African War, 1899-1902 /</subfield><subfield code='c'>E. Maud Graham ; edited and with an introduction by Michael Dawson, Catherine Gidney, and Susanne M. Klausen.</subfield></datafield><datafield ind1=' ' ind2='1' tag='264'><subfield code='a'>Edmonton, Alberta :</subfield><subfield code='b'>The University of Alberta Press,</subfield><subfield code='c'>2015.</subfield></datafield><datafield ind1=' ' ind2='2' tag='264'><subfield code='a'>Ottawa, Ontario :</subfield><subfield code='b'>Canadian Electronic Library,</subfield><subfield code='c'>2015.</subfield></datafield><datafield ind1=' ' ind2=' ' tag='300'><subfield code='a'>1 online resource (297 p.)</subfield></datafield><datafield ind1=' ' ind2=' ' tag='336'><subfield code='a'>text</subfield><subfield code='b'>txt</subfield></datafield><datafield ind1=' ' ind2=' ' tag='337'><subfield code='a'>computer</subfield><subfield code='b'>c</subfield></datafield><datafield ind1=' ' ind2=' ' tag='338'><subfield code='a'>online resource</subfield><subfield code='b'>cr</subfield></datafield><datafield ind1=' ' ind2=' ' tag='500'><subfield code='a'>Description based upon print version of record.</subfield></datafield><datafield ind1=' ' ind2=' ' tag='546'><subfield code='a'>English</subfield></datafield><datafield ind1='0' ind2=' ' tag='505'><subfield code='a'>Chapter i The Call to South Africa -- Chapter ii London -- Chapter iii Southampton to Cape Town -- Chapter iv On the Karoo -- Chapter v Norval&apos;s Pont Camp -- Chapter vi Johannesburg and Pretoria -- Chapter vii End of the Camp Life -- Chapter viii Fauresmith -- Chapter ix Kroonstad -- Chapter x The Kafirs and the Labor Question -- Chapter xi Repatriation and Compensation -- Chapter xii Paupers and Government Relief Works -- Chapter xiii Education and Church Schools -- Chapter xiv The Farming Question -- Chapter xv Homewards.</subfield></datafield><datafield ind1=' ' ind2=' ' tag='504'><subfield code='a'>Includes bibliographical references and index.</subfield></datafield><datafield ind1=' ' ind2=' ' tag='506'><subfield code='a'>Access restricted to authorized users and institutions.</subfield></datafield><datafield ind1=' ' ind2=' ' tag='520'><subfield code='a'>&quot;As the South African War reached its grueling end in 1902, colonial interests at the highest levels of the British Empire hand-picked teachers from across the Commonwealth to teach the thousands of Afrikaner women, children, and non-combatants held in concentration camps. Highly educated, hard working, and often opinionated, E. Maud Graham joined the Canadian contingent of forty teachers. Her account reveals the complexity of relations and tensions at a controversial period in Britain&apos;s history. Graham presents a lively historical travel memoir, and the editors have provided rich political and historical context to her narrative in the Introduction and generous annotations. This is a rare primary source for experts in Colonial Studies, Women&apos;s Studies, and Canadian, South African, and British Imperial History.&quot;--</subfield><subfield code='c'>Provided by publisher.</subfield></datafield><datafield ind1=' ' ind2='0' tag='650'><subfield code='a'>Teachers</subfield><subfield code='z'>Canada</subfield><subfield code='v'>Biography.</subfield></datafield><datafield ind1=' ' ind2='0' tag='650'><subfield code='a'>Teachers</subfield><subfield code='z'>South Africa</subfield><subfield code='v'>Biography.</subfield></datafield><datafield ind1=' ' ind2='0' tag='650'><subfield code='a'>South African War, 1899-1902</subfield><subfield code='v'>Personal narratives, Canadian.</subfield></datafield><datafield ind1=' ' ind2='0' tag='650'><subfield code='a'>South African War, 1899-1902</subfield><subfield code='x'>Education and the war.</subfield></datafield><datafield ind1=' ' ind2='0' tag='650'><subfield code='a'>South African War, 1899-1902</subfield><subfield code='x'>Concentration camps</subfield><subfield code='z'>South Africa.</subfield></datafield><datafield ind1=' ' ind2='0' tag='650'><subfield code='a'>Education</subfield><subfield code='z'>South Africa</subfield><subfield code='x'>History.</subfield></datafield><datafield ind1=' ' ind2='0' tag='650'><subfield code='a'>Education</subfield><subfield code='z'>Great Britain</subfield><subfield code='x'>Colonies.</subfield></datafield><datafield ind1=' ' ind2='4' tag='655'><subfield code='a'>Electronic books.</subfield></datafield><datafield ind1='1' ind2='0' tag='600'><subfield code='a'>Graham, E. Maud,</subfield><subfield code='d'>1876-1949.</subfield></datafield><datafield ind1=' ' ind2=' ' tag='776'><subfield code='z'>1-77212-046-4</subfield></datafield><datafield ind1='1' ind2=' ' tag='700'><subfield code='a'>Dawson, Michael,</subfield><subfield code='d'>1971-</subfield><subfield code='e'>editor.</subfield></datafield><datafield ind1='1' ind2=' ' tag='700'><subfield code='a'>Gidney, Catherine</subfield><subfield code='q'>(Catherine Anne),</subfield><subfield code='d'>1969-</subfield><subfield code='e'>editor.</subfield></datafield><datafield ind1='1' ind2=' ' tag='700'><subfield code='a'>Klausen, Susanne M.,</subfield><subfield code='d'>1965-</subfield><subfield code='e'>editor.</subfield></datafield><datafield ind1='2' ind2=' ' tag='710'><subfield code='a'>Canadian Electronic Library (Firm),</subfield><subfield code='e'>distributor.</subfield></datafield><datafield ind1=' ' ind2='0' tag='830'><subfield code='a'>Canadian Electronic Library.</subfield><subfield code='p'>Canadian publishers collection.</subfield></datafield><datafield ind1=' ' ind2=' ' tag='906'><subfield code='a'>BOOK</subfield></datafield><datafield ind1=' ' ind2=' ' tag='ADM'><subfield code='b'>2017-12-01 04:49:33</subfield><subfield code='e'>(CKB)3710000000499177</subfield><subfield code='d'>PQNKB</subfield><subfield code='f'>20160815010220.0</subfield><subfield code='a'>2015-11-08 00:26:24</subfield><subfield code='c'>false</subfield></datafield><datafield ind1=' ' ind2=' ' tag='PRT'><subfield code='a'>53398084430003811</subfield><subfield code='b'>https://sandbox01-na.alma.exlibrisgroup.com/view/uresolver/01TULI_INST/openurl?u.ignore_date_coverage=true&amp;rft.mms_id=991036824521203811</subfield><subfield code='e'>EBSCOhost</subfield><subfield code='9'>Available</subfield><subfield code='c'>EBSCOhost eBook Community College Collection</subfield><subfield code='h'>613860000000000003</subfield><subfield code='8'>53398084430003811</subfield></datafield></record>