
<record xmlns='http://www.loc.gov/MARC21/slim'><leader>01658nam  2200361 i 4500</leader><controlfield tag='001'>991036749273103811</controlfield><controlfield tag='005'>20170918145859.0</controlfield><controlfield tag='006'>m     o  d |      </controlfield><controlfield tag='007'>cr -n---------</controlfield><controlfield tag='008'>150720t20152015enka    ob    000 0 eng d</controlfield><datafield ind1=' ' ind2=' ' tag='020'><subfield code='a'>1-78441-739-4</subfield></datafield><datafield ind1=' ' ind2=' ' tag='035'><subfield code='a'>(CKB)3710000000441975</subfield></datafield><datafield ind1=' ' ind2=' ' tag='035'><subfield code='a'>(EBL)2084931</subfield></datafield><datafield ind1=' ' ind2=' ' tag='035'><subfield code='a'>(SSID)ssj0001550376</subfield></datafield><datafield ind1=' ' ind2=' ' tag='035'><subfield code='a'>(PQKBManifestationID)16166302</subfield></datafield><datafield ind1=' ' ind2=' ' tag='035'><subfield code='a'>(PQKBTitleCode)TC0001550376</subfield></datafield><datafield ind1=' ' ind2=' ' tag='035'><subfield code='a'>(PQKBWorkID)14811214</subfield></datafield><datafield ind1=' ' ind2=' ' tag='035'><subfield code='a'>(PQKB)10173481</subfield></datafield><datafield ind1=' ' ind2=' ' tag='035'><subfield code='a'>(MiAaPQ)EBC2084931</subfield></datafield><datafield ind1=' ' ind2=' ' tag='035'><subfield code='a'>(EXLCZ)993710000000441975</subfield></datafield><datafield ind1=' ' ind2=' ' tag='040'><subfield code='a'>MiAaPQ</subfield><subfield code='b'>eng</subfield><subfield code='e'>rda</subfield><subfield code='e'>pn</subfield><subfield code='c'>MiAaPQ</subfield><subfield code='d'>MiAaPQ</subfield></datafield><datafield ind1=' ' ind2=' ' tag='041'><subfield code='a'>eng</subfield></datafield><datafield ind1=' ' ind2=' ' tag='043'><subfield code='a'>d------</subfield></datafield><datafield ind1=' ' ind2='4' tag='050'><subfield code='a'>HD2932</subfield><subfield code='b'>.E447 2015</subfield></datafield><datafield ind1='0' ind2='0' tag='082'><subfield code='a'>300.723</subfield><subfield code='a'>658.049</subfield></datafield><datafield ind1='1' ind2=' ' tag='100'><subfield code='a'>Tihanyi, Laszlo.</subfield></datafield><datafield ind1='0' ind2='0' tag='245'><subfield code='a'>Emerging economies and multinational enterprises /</subfield><subfield code='c'>edited by Laszlo Tihanyi [and three others].</subfield></datafield><datafield ind1=' ' ind2=' ' tag='246'><subfield code='a'>Advances in International Management </subfield></datafield><datafield ind1=' ' ind2=' ' tag='246'><subfield code='a'>Advances in International Management, Volume 28 </subfield></datafield><datafield ind1=' ' ind2=' ' tag='246'><subfield code='a'>Advances in International Management, Vol. 28</subfield></datafield><datafield ind1=' ' ind2='1' tag='264'><subfield code='a'>Bingley, England :</subfield><subfield code='b'>Emerald,</subfield><subfield code='c'>2015.</subfield></datafield><datafield ind1=' ' ind2='4' tag='264'><subfield code='c'>©2015</subfield></datafield><datafield ind1=' ' ind2=' ' tag='300'><subfield code='a'>1 online resource (562 p.)</subfield></datafield><datafield ind1=' ' ind2=' ' tag='336'><subfield code='a'>text</subfield><subfield code='b'>txt</subfield></datafield><datafield ind1=' ' ind2=' ' tag='337'><subfield code='a'>computer</subfield><subfield code='b'>c</subfield></datafield><datafield ind1=' ' ind2=' ' tag='338'><subfield code='a'>online resource</subfield><subfield code='b'>cr</subfield></datafield><datafield ind1='1' ind2=' ' tag='490'><subfield code='a'>Advances in International Management,</subfield><subfield code='x'>1571-5027 ;</subfield><subfield code='v'>Volume 28</subfield></datafield><datafield ind1=' ' ind2=' ' tag='500'><subfield code='a'>Description based upon print version of record.</subfield></datafield><datafield ind1='0' ind2=' ' tag='505'><subfield code='a'>Front Cover; Emerging Economies and Multinational Enterprises; Copyright page; Acknowledgments; Contents; List of Contributors; Editors&apos; Biographies; Editors&apos; Introduction; Part I; Introduction to Part I PWC Strategy&amp; Eminent Scholar in International Management 2014; From International Business to Intranational Business; P1. Most Markets Are Far from Completely Integrated Internationally Intranationally; (Product) Trade; Labor; Other Inputs; P2. Geographic Distance Dampens International Intranational Business; (Product) Trade; Capital; Information; People</subfield></datafield><datafield ind1='8' ind2=' ' tag='505'><subfield code='a'>P3. In Addition to Geographic Distance, Cultural, Administrative, and (often) Economic Distances also Dampen International ...P4. The Dimensions of Distance Suggest an Expanded Set of Strategies for Dealing with International Intranational Differences; Adaptation; Aggregation; Arbitrage; Conclusions; Notes; Acknowledgments; References; The Value of Breadth and the Importance of Differences; References; Semiglobalization: A Relevant Reality; Introduction; Semiglobalization: A Reality; The Relevance of Semiglobalization; What&apos;s Next?; Conclusion; References; Part II</subfield></datafield><datafield ind1='8' ind2=' ' tag='505'><subfield code='a'>Introduction to Part II Emerging Economies and Multinational EnterprisesWhat Is an Emerging Economy?; The Debate on the Uniqueness of Emerging Economy Multinationals; Clarifying the Debate: Recent Theoretical Extensions on Emerging Economy Multinationals; Complementary Theoretical Perspectives on Emerging Economy Multinationals; Breadth of Institutional Development; Depth of Institutional Development; Timing of Institutional Development; Duration of Exposure to Institutional Development; Perspectives on Emerging Economies and Multinational Enterprises: The Chapters in this Volume; Notes</subfield></datafield><datafield ind1='8' ind2=' ' tag='505'><subfield code='a'>ReferencesThe Co-Evolution of Pro-Market Reforms and Emerging Market Multinationals; Introduction; Concepts and Related Literature; Pro-Market Reforms; Emerging Market Multinationals; The Co-evolution of Pro-Market Reforms and EMNCS; Pro-Market Reforms&apos; Influence on EMNCs; EMNCs&apos; Influence on Pro-Market Reforms; Contingencies on the Co-Evolution of Pro-Market Reforms and EMNCs; Private versus State-Owned Firms; Domestic versus Foreign Firms; Global versus Local Industries; Developing versus Transition Countries; Conclusions; Notes; Acknowledgments; References</subfield></datafield><datafield ind1='8' ind2=' ' tag='505'><subfield code='a'>A Resource Environment View of Competitive AdvantageIntroduction; A Resource Environment View of Competitive Advantage; Strategic Factor Markets; Institutions; The Paradox of Environmental Embeddedness: Strategic Factor Markets and Institutions as Facilitators and Disruptors of Comp...; The Facilitative Effect of Strategic Factor Markets via External Resource Acquisition; The Disruptive Effect of Strategic Factor Markets via Hypercompetition; The Facilitative Effect of Institutions via Internal Resource Development; The Disruptive Effect of Institutions via Hypercompetition</subfield></datafield><datafield ind1='8' ind2=' ' tag='505'><subfield code='a'>Managing the Paradox of Environmental Embeddedness</subfield></datafield><datafield ind1=' ' ind2=' ' tag='520'><subfield code='a'>Volume 28 of the Advances in International Management focuses on the opportunities and challenges for multinational enterprises that consider emerging economies their destinations. It provides a forum for thought-provoking idea and empirical research, and is ideal for researchers and doctoral students whose work touches emerging markets.</subfield></datafield><datafield ind1=' ' ind2=' ' tag='546'><subfield code='a'>English</subfield></datafield><datafield ind1=' ' ind2=' ' tag='504'><subfield code='a'>Includes bibliographical references at the end of each chapters.</subfield></datafield><datafield ind1=' ' ind2=' ' tag='588'><subfield code='a'>Description based on online resource; title from PDF title page (ebrary, viewed July 20, 2015).</subfield></datafield><datafield ind1=' ' ind2='0' tag='650'><subfield code='a'>International business enterprises</subfield><subfield code='z'>Developing countries.</subfield></datafield><datafield ind1=' ' ind2='4' tag='655'><subfield code='a'>Electronic books.</subfield></datafield><datafield ind1='1' ind2=' ' tag='700'><subfield code='a'>Tihanyi, László,</subfield><subfield code='e'>editor.</subfield></datafield><datafield ind1=' ' ind2=' ' tag='776'><subfield code='z'>1-78441-740-8</subfield></datafield><datafield ind1=' ' ind2='0' tag='830'><subfield code='a'>Advances in International Management</subfield></datafield><datafield ind1=' ' ind2=' ' tag='906'><subfield code='a'>BOOK</subfield></datafield><datafield ind1=' ' ind2=' ' tag='PRT'><subfield code='a'>53395451330003811</subfield><subfield code='b'>https://sandbox01-na.alma.exlibrisgroup.com/view/uresolver/01TULI_INST/openurl?u.ignore_date_coverage=true&amp;rft.mms_id=991036749273103811</subfield><subfield code='e'>EBSCOhost</subfield><subfield code='c'>EBSCOhost Academic eBook Collection (North America)</subfield><subfield code='h'>613640000000000029</subfield><subfield code='8'>53395451330003811</subfield></datafield><datafield ind1=' ' ind2=' ' tag='PRT'><subfield code='a'>53405872000003811</subfield><subfield code='b'>https://sandbox01-na.alma.exlibrisgroup.com/view/uresolver/01TULI_INST/openurl?u.ignore_date_coverage=true&amp;rft.mms_id=991036749273103811</subfield><subfield code='e'>EBSCOhost</subfield><subfield code='c'>eBook Business Collection</subfield><subfield code='h'>613790000000001579</subfield><subfield code='8'>53405872000003811</subfield></datafield><datafield ind1=' ' ind2=' ' tag='PRT'><subfield code='a'>53422722860003811</subfield><subfield code='b'>https://sandbox01-na.alma.exlibrisgroup.com/view/uresolver/01TULI_INST/openurl?u.ignore_date_coverage=true&amp;rft.mms_id=991036749273103811</subfield><subfield code='e'>Ebook Central</subfield><subfield code='c'>Ebook Central Academic Complete</subfield><subfield code='h'>614200000000000002</subfield><subfield code='8'>53422722860003811</subfield></datafield></record>