
<record xmlns='http://www.loc.gov/MARC21/slim'><leader>01536nam  2200349 i 4500</leader><controlfield tag='001'>991036804824103811</controlfield><controlfield tag='005'>20170821180436.0</controlfield><controlfield tag='006'>m     o  d |      </controlfield><controlfield tag='007'>cr -n---------</controlfield><controlfield tag='008'>150131t20152015coua    ob    001 0 eng d</controlfield><datafield ind1=' ' ind2=' ' tag='020'><subfield code='a'>0-87335-404-4</subfield></datafield><datafield ind1=' ' ind2=' ' tag='035'><subfield code='a'>(CKB)3710000000324351</subfield></datafield><datafield ind1=' ' ind2=' ' tag='035'><subfield code='a'>(EBL)1910587</subfield></datafield><datafield ind1=' ' ind2=' ' tag='035'><subfield code='a'>(OCoLC)899158955</subfield></datafield><datafield ind1=' ' ind2=' ' tag='035'><subfield code='a'>(SSID)ssj0001402741</subfield></datafield><datafield ind1=' ' ind2=' ' tag='035'><subfield code='a'>(PQKBManifestationID)12503773</subfield></datafield><datafield ind1=' ' ind2=' ' tag='035'><subfield code='a'>(PQKBTitleCode)TC0001402741</subfield></datafield><datafield ind1=' ' ind2=' ' tag='035'><subfield code='a'>(PQKBWorkID)11359001</subfield></datafield><datafield ind1=' ' ind2=' ' tag='035'><subfield code='a'>(PQKB)11404309</subfield></datafield><datafield ind1=' ' ind2=' ' tag='035'><subfield code='a'>(MiAaPQ)EBC1910587</subfield></datafield><datafield ind1=' ' ind2=' ' tag='035'><subfield code='a'>(EXLCZ)993710000000324351</subfield></datafield><datafield ind1=' ' ind2=' ' tag='040'><subfield code='a'>MiAaPQ</subfield><subfield code='b'>eng</subfield><subfield code='e'>rda</subfield><subfield code='e'>pn</subfield><subfield code='c'>MiAaPQ</subfield><subfield code='d'>MiAaPQ</subfield></datafield><datafield ind1=' ' ind2=' ' tag='041'><subfield code='a'>eng</subfield></datafield><datafield ind1=' ' ind2='4' tag='050'><subfield code='a'>T56.8</subfield><subfield code='b'>.H53 2015</subfield></datafield><datafield ind1='0' ind2='0' tag='082'><subfield code='a'>669.10923589</subfield></datafield><datafield ind1='1' ind2=' ' tag='100'><subfield code='a'>Hickson, Robin J.,</subfield><subfield code='e'>author.</subfield></datafield><datafield ind1='1' ind2='0' tag='245'><subfield code='a'>Project management for mining :</subfield><subfield code='b'>handbook for delivering project success /</subfield><subfield code='c'>by Robin J. Hickson and Terry L. Owen.</subfield></datafield><datafield ind1=' ' ind2='1' tag='264'><subfield code='a'>Englewood, Colorado :</subfield><subfield code='b'>Society for Mining Metallurgy and Exploration (SME),</subfield><subfield code='c'>2015.</subfield></datafield><datafield ind1=' ' ind2='4' tag='264'><subfield code='c'>©2015</subfield></datafield><datafield ind1=' ' ind2=' ' tag='300'><subfield code='a'>1 online resource (666 p.)</subfield></datafield><datafield ind1=' ' ind2=' ' tag='336'><subfield code='a'>text</subfield><subfield code='b'>txt</subfield></datafield><datafield ind1=' ' ind2=' ' tag='337'><subfield code='a'>computer</subfield><subfield code='b'>c</subfield></datafield><datafield ind1=' ' ind2=' ' tag='338'><subfield code='a'>online resource</subfield><subfield code='b'>cr</subfield></datafield><datafield ind1=' ' ind2=' ' tag='500'><subfield code='a'>Description based upon print version of record.</subfield></datafield><datafield ind1='0' ind2=' ' tag='505'><subfield code='a'>&quot;&quot;Cover&quot;&quot;; &quot;&quot;Title Page&quot;&quot;; &quot;&quot;Copyright&quot;&quot;; &quot;&quot;Contents&quot;&quot;; &quot;&quot;List of Figures, Checklists, and Flowcharts&quot;&quot;; &quot;&quot;Acknowledgments&quot;&quot;; &quot;&quot;About the Authors&quot;&quot;; &quot;&quot;OPPORTUNITY STAGE&quot;&quot;; &quot;&quot;Chapter 1: Introduction&quot;&quot;; &quot;&quot;Chapter 2: Ethics&quot;&quot;; &quot;&quot;Chapter 3: Governance&quot;&quot;; &quot;&quot;Chapter 4: Scoping Evaluation&quot;&quot;; &quot;&quot;Chapter 5: Management Review&quot;&quot;; &quot;&quot;VIABILITY STAGE&quot;&quot;; &quot;&quot;Chapter 6: Prefeasibility Study&quot;&quot;; &quot;&quot;Chapter 7: Feasibility Study&quot;&quot;; &quot;&quot;Chapter 8: Environmental Impact, Permits, Social Acceptance, and Sustainability&quot;&quot;; &quot;&quot;Chapter 9: Risk Management&quot;&quot;; &quot;&quot;Chapter 10: Schedule&quot;&quot;; &quot;&quot;Chapter 11: Budget&quot;&quot;</subfield></datafield><datafield ind1='8' ind2=' ' tag='505'><subfield code='a'>&quot;&quot;Chapter 12: Contingency&quot;&quot;&quot;&quot;Chapter 13: Comparison of Project Stage Work Efforts&quot;&quot;; &quot;&quot;Chapter 14: Authorization for Expenditure&quot;&quot;; &quot;&quot;Chapter 15: Executive and Board Decision&quot;&quot;; &quot;&quot;PLANNING STAGE&quot;&quot;; &quot;&quot;Chapter 16: Project Execution Plan&quot;&quot;; &quot;&quot;Chapter 17: Project Setup&quot;&quot;; &quot;&quot;Chapter 18: Team Organization&quot;&quot;; &quot;&quot;Chapter 19: Selection of Project Delivery Provider(Owner, EPCM, or EPC)&quot;&quot;; &quot;&quot;Chapter 20: Contract Agreement&quot;&quot;; &quot;&quot;Chapter 21: Project Controls&quot;&quot;; &quot;&quot;Chapter 22: Reports and Progress Reviews&quot;&quot;; &quot;&quot;Chapter 23: Quality Assurance and Quality Control&quot;&quot;</subfield></datafield><datafield ind1='8' ind2=' ' tag='505'><subfield code='a'>&quot;&quot;Chapter 24: Document Management and Document Control&quot;&quot;&quot;&quot;Chapter 25: Project Pitfalls&quot;&quot;; &quot;&quot;EXECUTION STAGE&quot;&quot;; &quot;&quot;Chapter 26: Kickoff Coordination&quot;&quot;; &quot;&quot;Chapter 27: Engineering&quot;&quot;; &quot;&quot;Chapter 28: Procurement&quot;&quot;; &quot;&quot;Chapter 29: Construction&quot;&quot;; &quot;&quot;COMPLETION STAGE&quot;&quot;; &quot;&quot;Chapter 30: Precommissioning&quot;&quot;; &quot;&quot;Chapter 31: Commissioning, Start-Up, and Ramp-Up&quot;&quot;; &quot;&quot;Chapter 32: Turnover and Closeout&quot;&quot;; &quot;&quot;Chapter 33: Operations Readiness&quot;&quot;; &quot;&quot;Chapter 34: Epilogue&quot;&quot;; &quot;&quot;Glossary&quot;&quot;; &quot;&quot;References&quot;&quot;; &quot;&quot;Index&quot;&quot;; &quot;&quot;Back Cover&quot;&quot;</subfield></datafield><datafield ind1=' ' ind2=' ' tag='520'><subfield code='a'> Before You Ever Put the First Shovel in the Ground-This Book Could Be the Difference Between a Successful Mining Operation and a Money Pit Opening a successful new mine is a vastly complex undertaking entailing several years and millions to billions of dollars. In today&apos;s world, when environmental and labor policies, regulatory compliance, and impact on the community must be factored in, you cannot afford to make a mistake. So the Society for Mining, Metallurgy &amp; Exploration has created this road map for you. Written by two hands-on, in-the-trenches mining project managers with decades of exp</subfield></datafield><datafield ind1=' ' ind2=' ' tag='546'><subfield code='a'>English</subfield></datafield><datafield ind1=' ' ind2=' ' tag='504'><subfield code='a'>Includes bibliographical references and index.</subfield></datafield><datafield ind1=' ' ind2=' ' tag='588'><subfield code='a'>Description based on print version record.</subfield></datafield><datafield ind1=' ' ind2='0' tag='650'><subfield code='a'>Project management.</subfield></datafield><datafield ind1=' ' ind2='0' tag='650'><subfield code='a'>Mining engineering.</subfield></datafield><datafield ind1=' ' ind2='4' tag='655'><subfield code='a'>Electronic books.</subfield></datafield><datafield ind1=' ' ind2=' ' tag='776'><subfield code='z'>0-87335-403-6</subfield></datafield><datafield ind1='1' ind2=' ' tag='700'><subfield code='a'>Owen, Terry L. ,</subfield><subfield code='e'>author.</subfield></datafield><datafield ind1=' ' ind2=' ' tag='906'><subfield code='a'>BOOK</subfield></datafield><datafield ind1=' ' ind2=' ' tag='PRT'><subfield code='a'>53422718460003811</subfield><subfield code='b'>https://sandbox01-na.alma.exlibrisgroup.com/view/uresolver/01TULI_INST/openurl?u.ignore_date_coverage=true&amp;rft.mms_id=991036804824103811</subfield><subfield code='e'>Ebook Central</subfield><subfield code='c'>Ebook Central Academic Complete</subfield><subfield code='h'>614200000000000002</subfield><subfield code='8'>53422718460003811</subfield></datafield><datafield ind1=' ' ind2=' ' tag='PRT'><subfield code='a'>53404580060003811</subfield><subfield code='b'>https://sandbox01-na.alma.exlibrisgroup.com/view/uresolver/01TULI_INST/openurl?u.ignore_date_coverage=true&amp;rft.mms_id=991036804824103811</subfield><subfield code='e'>EBSCOhost</subfield><subfield code='c'>eBook EngineeringCore Collection</subfield><subfield code='h'>613790000000001573</subfield><subfield code='8'>53404580060003811</subfield></datafield><datafield ind1=' ' ind2=' ' tag='PRT'><subfield code='a'>53423686960003811</subfield><subfield code='b'>https://sandbox01-na.alma.exlibrisgroup.com/view/uresolver/01TULI_INST/openurl?u.ignore_date_coverage=true&amp;rft.mms_id=991036804824103811</subfield><subfield code='e'>Ebook Central</subfield><subfield code='c'>Ebook Central College Complete</subfield><subfield code='h'>614330000000000032</subfield><subfield code='8'>53423686960003811</subfield></datafield><datafield ind1=' ' ind2=' ' tag='PRT'><subfield code='a'>53395443020003811</subfield><subfield code='b'>https://sandbox01-na.alma.exlibrisgroup.com/view/uresolver/01TULI_INST/openurl?u.ignore_date_coverage=true&amp;rft.mms_id=991036804824103811</subfield><subfield code='e'>EBSCOhost</subfield><subfield code='c'>EBSCOhost Academic eBook Collection (North America)</subfield><subfield code='h'>613640000000000029</subfield><subfield code='8'>53395443020003811</subfield></datafield></record>