
<record xmlns='http://www.loc.gov/MARC21/slim'><leader>02992nam  2200385 i 4500</leader><controlfield tag='001'>991036748555703811</controlfield><controlfield tag='005'>20170821172031.0</controlfield><controlfield tag='006'>m     o  d |      </controlfield><controlfield tag='007'>cr -n---------</controlfield><controlfield tag='008'>140522t20142014ilua    ob    001 0 eng|d</controlfield><datafield ind1=' ' ind2=' ' tag='020'><subfield code='a'>0-252-09666-5</subfield></datafield><datafield ind1=' ' ind2=' ' tag='035'><subfield code='a'>(CKB)2670000000572636</subfield></datafield><datafield ind1=' ' ind2=' ' tag='035'><subfield code='a'>(EBL)3414411</subfield></datafield><datafield ind1=' ' ind2=' ' tag='035'><subfield code='a'>(SSID)ssj0001369979</subfield></datafield><datafield ind1=' ' ind2=' ' tag='035'><subfield code='a'>(PQKBManifestationID)11726204</subfield></datafield><datafield ind1=' ' ind2=' ' tag='035'><subfield code='a'>(PQKBTitleCode)TC0001369979</subfield></datafield><datafield ind1=' ' ind2=' ' tag='035'><subfield code='a'>(PQKBWorkID)11292673</subfield></datafield><datafield ind1=' ' ind2=' ' tag='035'><subfield code='a'>(PQKB)11348017</subfield></datafield><datafield ind1=' ' ind2=' ' tag='035'><subfield code='a'>(MiAaPQ)EBC3414411</subfield></datafield><datafield ind1=' ' ind2=' ' tag='035'><subfield code='a'>(StDuBDS)EDZ0001646939</subfield></datafield><datafield ind1=' ' ind2=' ' tag='035'><subfield code='a'>(EXLCZ)992670000000572636</subfield></datafield><datafield ind1=' ' ind2=' ' tag='040'><subfield code='a'>MiAaPQ</subfield><subfield code='b'>eng</subfield><subfield code='e'>rda</subfield><subfield code='e'>pn</subfield><subfield code='c'>MiAaPQ</subfield><subfield code='d'>MiAaPQ</subfield></datafield><datafield ind1=' ' ind2=' ' tag='041'><subfield code='a'>eng</subfield></datafield><datafield ind1=' ' ind2=' ' tag='043'><subfield code='a'>n-us-il</subfield></datafield><datafield ind1=' ' ind2='4' tag='050'><subfield code='a'>HV6795.C43</subfield><subfield code='b'>C67 2014</subfield></datafield><datafield ind1='0' ind2='0' tag='082'><subfield code='a'>364.106</subfield></datafield><datafield ind1='1' ind2=' ' tag='100'><subfield code='a'>Corsino, Louis,</subfield><subfield code='d'>1948-</subfield><subfield code='e'>author.</subfield></datafield><datafield ind1='1' ind2='4' tag='245'><subfield code='a'>The neighborhood outfit :</subfield><subfield code='b'>organized crime in Chicago Heights /</subfield><subfield code='c'>Louis Corsino.</subfield></datafield><datafield ind1=' ' ind2=' ' tag='246'><subfield code='a'>桔⁥敎杩扨牯潨摯传瑵楦</subfield></datafield><datafield ind1=' ' ind2='1' tag='264'><subfield code='a'>Urbana :</subfield><subfield code='b'>University of Illinois Press,</subfield><subfield code='c'>2017.</subfield></datafield><datafield ind1=' ' ind2=' ' tag='300'><subfield code='a'>1 online resource (177 p.)</subfield></datafield><datafield ind1=' ' ind2=' ' tag='336'><subfield code='a'>text</subfield><subfield code='b'>txt</subfield></datafield><datafield ind1=' ' ind2=' ' tag='337'><subfield code='a'>computer</subfield><subfield code='b'>c</subfield></datafield><datafield ind1=' ' ind2=' ' tag='338'><subfield code='a'>online resource</subfield><subfield code='b'>cr</subfield></datafield><datafield ind1=' ' ind2=' ' tag='500'><subfield code='a'>Description based upon print version of record.</subfield></datafield><datafield ind1='0' ind2=' ' tag='505'><subfield code='a'>&quot;&quot;Cover&quot;&quot;; &quot;&quot;Title Page&quot;&quot;; &quot;&quot;Copyright&quot;&quot;; &quot;&quot;Contents&quot;&quot;; &quot;&quot;Preface&quot;&quot;; &quot;&quot;Introduction&quot;&quot;; &quot;&quot;1. Chicago Heights and Organized Crime&quot;&quot;; &quot;&quot;2. Were They Pushed? Cultural, Political, and Economic Discrimination&quot;&quot;; &quot;&quot;3. Did They Jump? Labor Organizations, Mutual-Aid Societies, and Ethnic Businesses&quot;&quot;; &quot;&quot;4. You Canâ€?t Shoot Everyone&quot;&quot;; &quot;&quot;Conclusion&quot;&quot;; &quot;&quot;Notes&quot;&quot;; &quot;&quot;Index&quot;&quot;</subfield></datafield><datafield ind1=' ' ind2=' ' tag='546'><subfield code='a'>English</subfield></datafield><datafield ind1=' ' ind2=' ' tag='504'><subfield code='a'>Includes bibliographical references and index.</subfield></datafield><datafield ind1=' ' ind2=' ' tag='520'><subfield code='a'>&quot;This project examines a longstanding organizational component of the Chicago Outfit known as the Chicago Heights &quot;boys.&quot; The author aims to unravel the mix of social and cultural discriminations against Italians in the early part of the last century; to highlight the consequential structural and cultural characteristics that emerged within the local Italian population; and to examine the appropriation of these group characteristics as forms of social capital by segments of this population. Corsino traces the Chicago Heights operation from its beginning in the early 1900s through the post-World War II era. He presents the Chicago Heights Italian communities as a vibrant ethnic enclave with a close knit social network, a cluster of shared values and experiences, and an &quot;Italian&quot; identity. Depicting an Italian tie to organized crime in its local, concrete, and contingent context, he argues that the same social forces that produced Italian grocery stores, Italian mutual aid societies, and an Italian involvement in union organizing activity also produced this Italian association with the &quot;mob.&quot; Drawing upon interviews, government documents, census data, secondary sources, and close acquaintance with the Chicago Heights context, this study shows how organized crime was embedded in the interaction between the Italian population and the Chicago Heights community&quot;--</subfield><subfield code='c'>Provided by publisher.</subfield></datafield><datafield ind1=' ' ind2=' ' tag='588'><subfield code='a'>Description based on print version record.</subfield></datafield><datafield ind1=' ' ind2=' ' tag='521'><subfield code='a'>Specialized.</subfield></datafield><datafield ind1=' ' ind2='0' tag='650'><subfield code='a'>Organized crime</subfield><subfield code='z'>Illinois</subfield><subfield code='z'>Chicago Heights</subfield><subfield code='x'>History.</subfield></datafield><datafield ind1=' ' ind2='0' tag='650'><subfield code='a'>Italian Americans</subfield><subfield code='z'>Illinois</subfield><subfield code='z'>Chicago Heights</subfield><subfield code='x'>History.</subfield></datafield><datafield ind1=' ' ind2='4' tag='655'><subfield code='a'>Electronic books.</subfield></datafield><datafield ind1=' ' ind2='0' tag='651'><subfield code='a'>Chicago Heights (Ill.)</subfield><subfield code='x'>History.</subfield></datafield><datafield ind1=' ' ind2=' ' tag='776'><subfield code='z'>0-252-03871-1</subfield></datafield><datafield ind1=' ' ind2=' ' tag='776'><subfield code='z'>1-322-22541-9</subfield></datafield><datafield ind1=' ' ind2=' ' tag='906'><subfield code='a'>BOOK</subfield></datafield><datafield ind1=' ' ind2=' ' tag='PRT'><subfield code='a'>53395072430003811</subfield><subfield code='b'>https://sandbox01-na.alma.exlibrisgroup.com/view/uresolver/01TULI_INST/openurl?u.ignore_date_coverage=true&amp;rft.mms_id=991036748555703811</subfield><subfield code='e'>EBSCOhost</subfield><subfield code='c'>EBSCOhost Academic eBook Collection (North America)</subfield><subfield code='h'>613640000000000029</subfield><subfield code='8'>53395072430003811</subfield></datafield><datafield ind1=' ' ind2=' ' tag='PRT'><subfield code='a'>53421541140003811</subfield><subfield code='b'>https://sandbox01-na.alma.exlibrisgroup.com/view/uresolver/01TULI_INST/openurl?u.ignore_date_coverage=true&amp;rft.mms_id=991036748555703811</subfield><subfield code='e'>Ebook Central</subfield><subfield code='c'>Ebook Central Academic Complete</subfield><subfield code='h'>614200000000000002</subfield><subfield code='8'>53421541140003811</subfield></datafield><datafield ind1=' ' ind2=' ' tag='PRT'><subfield code='a'>53396616350003811</subfield><subfield code='b'>https://sandbox01-na.alma.exlibrisgroup.com/view/uresolver/01TULI_INST/openurl?u.ignore_date_coverage=true&amp;rft.mms_id=991036748555703811</subfield><subfield code='e'>EBSCOhost</subfield><subfield code='c'>EBSCOhost eBook Community College Collection</subfield><subfield code='h'>613860000000000003</subfield><subfield code='8'>53396616350003811</subfield></datafield><datafield ind1=' ' ind2=' ' tag='PRT'><subfield code='a'>53408847510003811</subfield><subfield code='b'>https://sandbox01-na.alma.exlibrisgroup.com/view/uresolver/01TULI_INST/openurl?u.ignore_date_coverage=true&amp;rft.mms_id=991036748555703811</subfield><subfield code='e'>JSTOR</subfield><subfield code='c'>JSTOR Books EBA Pilot</subfield><subfield code='h'>613810000000000259</subfield><subfield code='8'>53408847510003811</subfield></datafield></record>