
<record xmlns='http://www.loc.gov/MARC21/slim'><leader>04359cam a2200481 a 4500</leader><controlfield tag='005'>20180315215753.0</controlfield><controlfield tag='008'>120621s2013    nyua     b    001 0 eng  </controlfield><controlfield tag='001'>991036450729703811</controlfield><datafield ind1=' ' ind2=' ' tag='010'><subfield code='a'>2012025044</subfield></datafield><datafield ind1=' ' ind2=' ' tag='020'><subfield code='a'>9780826108296 (pbk.)</subfield></datafield><datafield ind1=' ' ind2=' ' tag='020'><subfield code='a'>0826108296 (pbk.)</subfield></datafield><datafield ind1=' ' ind2=' ' tag='035'><subfield code='a'>(PPT)b5501205x-01tuli_inst</subfield></datafield><datafield ind1=' ' ind2=' ' tag='035'><subfield code='a'>(OCoLC)ocn864917817</subfield><subfield code='9'>ExL</subfield></datafield><datafield ind1=' ' ind2=' ' tag='035'><subfield code='a'>(OCoLC)779259709</subfield></datafield><datafield ind1=' ' ind2=' ' tag='035'><subfield code='a'>ocn779259709</subfield></datafield><datafield ind1=' ' ind2=' ' tag='035'><subfield code='a'>(OCLC)ocn779259709</subfield></datafield><datafield ind1=' ' ind2=' ' tag='040'><subfield code='a'>DLC</subfield><subfield code='b'>eng</subfield><subfield code='c'>DLC</subfield><subfield code='d'>YDX</subfield><subfield code='d'>BTCTA</subfield><subfield code='d'>OCLCO</subfield><subfield code='d'>YDXCP</subfield><subfield code='d'>BWX</subfield><subfield code='d'>STJ</subfield><subfield code='d'>VRC</subfield><subfield code='d'>OCLCF</subfield></datafield><datafield ind1=' ' ind2=' ' tag='042'><subfield code='a'>pcc</subfield></datafield><datafield ind1=' ' ind2=' ' tag='043'><subfield code='a'>n-us---</subfield></datafield><datafield ind1=' ' ind2=' ' tag='079'><subfield code='a'>ocn779259709</subfield></datafield><datafield ind1=' ' ind2=' ' tag='090'><subfield code='a'>HV699</subfield><subfield code='b'>.M85 2013</subfield></datafield><datafield ind1='0' ind2='0' tag='245'><subfield code='a'>Multicultural perspectives in social work practice with families /</subfield><subfield code='c'>Elaine P. Congress, Manny J. González, editors.</subfield></datafield><datafield ind1=' ' ind2=' ' tag='250'><subfield code='a'>3rd ed.</subfield></datafield><datafield ind1=' ' ind2=' ' tag='260'><subfield code='a'>New York :</subfield><subfield code='b'>Springer Pub. Company,</subfield><subfield code='c'>c2013.</subfield></datafield><datafield ind1=' ' ind2=' ' tag='300'><subfield code='a'>xxii, 386 p. :</subfield><subfield code='b'>ill. ;</subfield><subfield code='c'>23 cm.</subfield></datafield><datafield ind1=' ' ind2=' ' tag='504'><subfield code='a'>Includes bibliographical references and index.</subfield></datafield><datafield ind1='0' ind2='0' tag='505'><subfield code='g'>Foreword /</subfield><subfield code='r'>Peter B. Vaughan --</subfield><subfield code='t'>Using the culturagram to assess and empower culturally diverse families /</subfield><subfield code='r'>Elaine P. Congress and Winnie W. Kung --</subfield><subfield code='t'>Family and group approaches with culturally diverse families : a dialogue to increase collaboration /</subfield><subfield code='r'>Elaine P. Congress and Maxine Lynn --</subfield><subfield code='t'>Evidence-based practice with ethnically diverse clients /</subfield><subfield code='r'>Manny J. González --</subfield><subfield code='t'>Managing agencies for multicultural services /</subfield><subfield code='r'>Manoj Pardasani and Lauri Goldkind --</subfield><subfield code='t'>Multicultural triangle of the child, the family, and the school : culturally competent approaches /</subfield><subfield code='r'>Carmen Ortiz Hendricks --</subfield><subfield code='t'>Clinical practice with multicultural adolescents /</subfield><subfield code='r'>Samuel R. Aymer --</subfield><subfield code='t'>Contingent but resilient : the plight of young, male day laborers in the United States /</subfield><subfield code='r'>Gregory Acevedo and Rafael Perez --</subfield><subfield code='t'>Working with culturally diverse older adults /</subfield><subfield code='r'>Irene A. Gutheil and Janna C. Heyman --</subfield><subfield code='t'>Grandparents raising grandchildren from a multicultural perspective /</subfield><subfield code='r'>Carole B. Cox --</subfield><subfield code='t'>Afrocentric approach in working with African American families /</subfield><subfield code='r'>Samuel R. Aymer --</subfield><subfield code='t'>Clinical practice with Hispanic individuals and families : an ecological perspective /</subfield><subfield code='r'>Manny J. González and Gregory Acevedo --</subfield><subfield code='t'>Practice with Asian immigrant families and intergenerational issues /</subfield><subfield code='r'>Irene W. Chung -- Assisting Native American families : striving for well-being in the seventh generation /</subfield><subfield code='r'>Hilary N. Weaver -- Working with Arab Americans / Wahiba Abu-Ras --</subfield><subfield code='t'>Practice with families where gender or sexual orientation is an issue : lesbian, gay, bisexual, and trans individuals and their families /</subfield><subfield code='r'>Gerald P. Mallon --</subfield><subfield code='t'>Spirituality and culturally diverse families : the intersection of culture, religion, and spirituality /</subfield><subfield code='r'>Zulema E. Suárez and Edith A. Lewis --</subfield><subfield code='t'>Legal issues in practice with immigrants and refugees : clinical social service practice with vulnerable newcomer communities : women, youth and regugees /</subfield><subfield code='r'>Fernando Chang-Muy --</subfield><subfield code='t'>Utilizing an ethnographic lens in clinical social work practice with immigrants and refugees /</subfield><subfield code='r'>Jessica Roseberg, Manny J. González, and Samuel Rosenberg --</subfield><subfield code='t'>Clinical work with survivors of torture /</subfield><subfield code='r'>Marianne Joyce, Mary Bunn, and David Engstrom --</subfield><subfield code='t'>Latino families affected by HIV/AIDS : some practical practice considerations /</subfield><subfield code='r'>Claudia Lucia Moreno --</subfield><subfield code='t'>Evidence-based marriage and family treatment with problem drinkers : a multicultural perspective /</subfield><subfield code='r'>Meredith Hanson and Yvette M. Sealy --</subfield><subfield code='t'>Multicultural social work practice with immigrant victims of domestic violence /</subfield><subfield code='r'>Patricia Brownell and Eun Jeong Ko --</subfield><subfield code='t'>Multicultural populations and suicide / Dana Alonzo and Robin Gearing --</subfield><subfield code='t'>Ethical issues and future directions /</subfield><subfield code='r'>Elaine P. Congress.</subfield></datafield><datafield ind1=' ' ind2='0' tag='650'><subfield code='a'>Family social work</subfield><subfield code='z'>United States.</subfield></datafield><datafield ind1=' ' ind2='0' tag='650'><subfield code='a'>Minorities</subfield><subfield code='x'>Services for</subfield><subfield code='z'>United States.</subfield></datafield><datafield ind1=' ' ind2='0' tag='650'><subfield code='a'>Ethnicity</subfield><subfield code='z'>United States.</subfield></datafield><datafield ind1=' ' ind2='0' tag='650'><subfield code='a'>Multiculturalism</subfield><subfield code='z'>United States.</subfield></datafield><datafield ind1=' ' ind2='7' tag='650'><subfield code='a'>Ethnicity.</subfield><subfield code='2'>fast</subfield><subfield code='0'>(OCoLC)fst00916034</subfield></datafield><datafield ind1=' ' ind2='7' tag='650'><subfield code='a'>Family social work.</subfield><subfield code='2'>fast</subfield><subfield code='0'>(OCoLC)fst00920516</subfield></datafield><datafield ind1=' ' ind2='7' tag='650'><subfield code='a'>Minorities</subfield><subfield code='x'>Services for.</subfield><subfield code='2'>fast</subfield><subfield code='0'>(OCoLC)fst01023223</subfield></datafield><datafield ind1=' ' ind2='7' tag='650'><subfield code='a'>Multiculturalism.</subfield><subfield code='2'>fast</subfield><subfield code='0'>(OCoLC)fst01028836</subfield></datafield><datafield ind1=' ' ind2='7' tag='650'><subfield code='a'>Constitutional law</subfield><subfield code='z'>United States.</subfield><subfield code='2'>fast</subfield></datafield><datafield ind1='1' ind2=' ' tag='700'><subfield code='a'>Congress, Elaine Piller.</subfield></datafield><datafield ind1='1' ind2=' ' tag='700'><subfield code='a'>González, Manny J.</subfield></datafield><datafield ind1=' ' ind2=' ' tag='907'><subfield code='a'>.b5501205x</subfield><subfield code='b'>p    </subfield><subfield code='c'>-</subfield></datafield><datafield ind1=' ' ind2=' ' tag='945'><subfield code='l'>pstk </subfield><subfield code='g'>1</subfield></datafield><datafield ind1=' ' ind2=' ' tag='979'><subfield code='a'>ocn779259709</subfield></datafield><datafield ind1=' ' ind2=' ' tag='998'><subfield code='b'>1</subfield><subfield code='c'>131030</subfield><subfield code='d'>m</subfield><subfield code='e'>a</subfield><subfield code='f'>-</subfield><subfield code='g'>0</subfield></datafield><datafield ind1=' ' ind2=' ' tag='998'><subfield code='b'>1</subfield><subfield code='c'>131030</subfield><subfield code='d'>m</subfield><subfield code='e'>a</subfield><subfield code='f'>-</subfield><subfield code='g'>0</subfield></datafield><datafield ind1=' ' ind2=' ' tag='ADM'><subfield code='b'>2018-03-16 01:57:53</subfield><subfield code='e'>b5501205x-01tuli_inst</subfield><subfield code='d'>ILS</subfield><subfield code='a'>2017-06-20 07:43:28</subfield><subfield code='c'>false</subfield></datafield><datafield ind1='0' ind2=' ' tag='HLD'><subfield code='b'>MAIN</subfield><subfield code='c'>stacks</subfield><subfield code='h'>HV699</subfield><subfield code='i'>.M85 2013</subfield><subfield code='8'>22271220850003811</subfield></datafield><datafield ind1=' ' ind2=' ' tag='ITM'><subfield code='r'>22271220850003811</subfield><subfield code='b'>1</subfield><subfield code='h'>0</subfield><subfield code='g'>stacks</subfield><subfield code='t'>BOOK</subfield><subfield code='9'>39074026597161</subfield><subfield code='e'>stacks</subfield><subfield code='8'>23271220830003811</subfield><subfield code='a'>0</subfield><subfield code='q'>2017-06-20 07:43:28</subfield><subfield code='i'>HV699 .M85 2013</subfield><subfield code='d'>MAIN</subfield><subfield code='f'>MAIN</subfield></datafield></record>