
<record xmlns='http://www.loc.gov/MARC21/slim'><leader>04104nam  2200589 i 4500</leader><controlfield tag='001'>991036746518603811</controlfield><controlfield tag='005'>20180413223013.0</controlfield><controlfield tag='006'>m     o  d |      </controlfield><controlfield tag='008'>140712t20132013dcua    o     000 0 eng d</controlfield><datafield ind1=' ' ind2=' ' tag='020'><subfield code='a'>1-4843-3497-3</subfield></datafield><datafield ind1=' ' ind2=' ' tag='020'><subfield code='a'>1-4755-6147-4</subfield></datafield><datafield ind1=' ' ind2=' ' tag='020'><subfield code='a'>1-4755-5588-1</subfield></datafield><datafield ind1=' ' ind2=' ' tag='035'><subfield code='a'>(CKB)2550000001320133</subfield></datafield><datafield ind1=' ' ind2=' ' tag='035'><subfield code='a'>(EBL)1715648</subfield></datafield><datafield ind1=' ' ind2=' ' tag='035'><subfield code='a'>(OCoLC)881607333</subfield></datafield><datafield ind1=' ' ind2=' ' tag='035'><subfield code='a'>(SSID)ssj0001322073</subfield></datafield><datafield ind1=' ' ind2=' ' tag='035'><subfield code='a'>(PQKBManifestationID)11717808</subfield></datafield><datafield ind1=' ' ind2=' ' tag='035'><subfield code='a'>(PQKBTitleCode)TC0001322073</subfield></datafield><datafield ind1=' ' ind2=' ' tag='035'><subfield code='a'>(PQKBWorkID)11425032</subfield></datafield><datafield ind1=' ' ind2=' ' tag='035'><subfield code='a'>(PQKB)10366093</subfield></datafield><datafield ind1=' ' ind2=' ' tag='035'><subfield code='a'>(MiAaPQ)EBC1715648</subfield></datafield><datafield ind1=' ' ind2=' ' tag='035'><subfield code='a'>(EXLCZ)992550000001320133</subfield></datafield><datafield ind1=' ' ind2=' ' tag='040'><subfield code='a'>MiAaPQ</subfield><subfield code='b'>eng</subfield><subfield code='e'>rda</subfield><subfield code='e'>pn</subfield><subfield code='c'>MiAaPQ</subfield><subfield code='d'>MiAaPQ</subfield></datafield><datafield ind1=' ' ind2=' ' tag='041'><subfield code='a'>eng</subfield></datafield><datafield ind1=' ' ind2=' ' tag='043'><subfield code='a'>e-rm---</subfield></datafield><datafield ind1=' ' ind2='4' tag='050'><subfield code='a'>HG3881.5.I58</subfield><subfield code='b'>.I584 2013</subfield></datafield><datafield ind1='0' ind2='0' tag='082'><subfield code='a'>332.152</subfield></datafield><datafield ind1='1' ind2=' ' tag='100'><subfield code='a'>European Dept., International Monetary Fund.</subfield></datafield><datafield ind1='2' ind2=' ' tag='110'><subfield code='a'>International Monetary Fund,</subfield><subfield code='e'>author.</subfield></datafield><datafield ind1='1' ind2='0' tag='245'><subfield code='a'>Romania :</subfield><subfield code='b'>seventh and eighth reviews under the stand-by arrangement and request for waiver of nonobservance of performance criteria-staff report; staff supplement; press release on the Executive Board discussion; and statement by the Executive Director for Romania /</subfield><subfield code='c'>International Monetary Fund.</subfield></datafield><datafield ind1=' ' ind2='1' tag='264'><subfield code='a'>Washington, District of Columbia :</subfield><subfield code='b'>International Monetary Fund,</subfield><subfield code='c'>2013.</subfield></datafield><datafield ind1=' ' ind2='4' tag='264'><subfield code='c'>©2013</subfield></datafield><datafield ind1=' ' ind2=' ' tag='300'><subfield code='a'>1 online resource (103 p.)</subfield></datafield><datafield ind1=' ' ind2=' ' tag='336'><subfield code='a'>text</subfield><subfield code='b'>txt</subfield></datafield><datafield ind1=' ' ind2=' ' tag='337'><subfield code='a'>computer</subfield><subfield code='b'>c</subfield></datafield><datafield ind1=' ' ind2=' ' tag='338'><subfield code='a'>online resource</subfield><subfield code='b'>cr</subfield></datafield><datafield ind1='1' ind2=' ' tag='490'><subfield code='a'>IMF Country Report ;</subfield><subfield code='v'>Number 13/204</subfield></datafield><datafield ind1=' ' ind2=' ' tag='500'><subfield code='a'>Description based upon print version of record.</subfield></datafield><datafield ind1='0' ind2=' ' tag='505'><subfield code='a'>&quot;&quot;Cover&quot;&quot;; &quot;&quot;CONTENTS&quot;&quot;; &quot;&quot;INTRODUCTION&quot;&quot;; &quot;&quot;RECENT DEVELOPMENTS&quot;&quot;; &quot;&quot;OUTLOOK AND RISKS&quot;&quot;; &quot;&quot;PROGRAM POLICIES&quot;&quot;; &quot;&quot;A. Fiscal Policy: Better Fiscal Institutions and Public Financial Management&quot;&quot;; &quot;&quot;B. Structural Reforms: Enhancing growth prospects&quot;&quot;; &quot;&quot;C. Financial Sector Priorities: Dealing with NPLs and Contingency Planning&quot;&quot;; &quot;&quot;D. Monetary and Exchange Rate Policies: Anchoring Expectations&quot;&quot;; &quot;&quot;PROGRAM MODALITIES AND OTHER ISSUES&quot;&quot;; &quot;&quot;STAFF APPRAISAL&quot;&quot;; &quot;&quot;BOXES&quot;&quot;; &quot;&quot;1. Major Measures Under the SBA, 2011-13&quot;&quot;; &quot;&quot;2. Measures to Reduce Arrears&quot;&quot;; &quot;&quot;3. State-Owned Enterprise Arrears&quot;&quot;</subfield></datafield><datafield ind1='8' ind2=' ' tag='505'><subfield code='a'>&quot;&quot;FIGURES&quot;&quot;&quot;&quot;1. Real Sector, 2007-13&quot;&quot;; &quot;&quot;2. External Sector 2007-13&quot;&quot;; &quot;&quot;3. Labor Sector, 2007-13&quot;&quot;; &quot;&quot;4. Monetary Sector, 2007-13&quot;&quot;; &quot;&quot;5. Fiscal Operations, 2005-13&quot;&quot;; &quot;&quot;6. Financial Sector, 2007-13&quot;&quot;; &quot;&quot;7. Financial Development, 2007-13&quot;&quot;; &quot;&quot;8. Public Debt Sustainability: Bound Tests&quot;&quot;; &quot;&quot;9. External Debt Sustainability: Bound Tests&quot;&quot;; &quot;&quot;TABLES&quot;&quot;; &quot;&quot;1. Quantitative Program Targets&quot;&quot;; &quot;&quot;2. Performance for Seventh and Eighth Reviews&quot;&quot;; &quot;&quot;3. Selected Economic and Social Indicators, 2009-14&quot;&quot;; &quot;&quot;4. Macroeconomic Framework, Current Policies, 2009-18&quot;&quot;</subfield></datafield><datafield ind1='8' ind2=' ' tag='505'><subfield code='a'>&quot;&quot;5. Balance of Payments, 2009-18&quot;&quot;&quot;&quot;6. Gross Financing Requirements, 2010-14&quot;&quot;; &quot;&quot;7. General Government Operations, 2009-14&quot;&quot;; &quot;&quot;8. Monetary Survey, 2009-14&quot;&quot;; &quot;&quot;9. Financial Soundness Indicators, 2008-13&quot;&quot;; &quot;&quot;10. Schedule of Reviews and Purchases&quot;&quot;; &quot;&quot;11. Indicators of Fund Credit, 2013-18&quot;&quot;; &quot;&quot;12. Public Sector Debt Sustainability Framework, 2008-18&quot;&quot;; &quot;&quot;13. External Debt Sustainability Framework, 2008-18&quot;&quot;; &quot;&quot;APPENDIX&quot;&quot;; &quot;&quot;I. Letter of Intent&quot;&quot;; &quot;&quot;ATTACHMENTS&quot;&quot;; &quot;&quot;I. Memorandum of Economic and Financial Policies&quot;&quot;; &quot;&quot;II. Technical Memorandum of Understanding&quot;&quot;</subfield></datafield><datafield ind1=' ' ind2=' ' tag='520'><subfield code='a'>In recent years, the IMF has released a growing number of reports and other documents covering economic and financial developments and trends in member countries. Each report, prepared by a staff team after discussions with government officials, is published at the option of the member country.</subfield></datafield><datafield ind1=' ' ind2=' ' tag='546'><subfield code='a'>English</subfield></datafield><datafield ind1=' ' ind2=' ' tag='588'><subfield code='a'>Description based on online resource; title from PDF cover (ebrary, viewed July 11, 2014).</subfield></datafield><datafield ind1=' ' ind2='0' tag='650'><subfield code='a'>Economic development</subfield><subfield code='z'>Romania.</subfield></datafield><datafield ind1=' ' ind2='0' tag='650'><subfield code='a'>Fiscal policy</subfield><subfield code='z'>Romania.</subfield></datafield><datafield ind1=' ' ind2='4' tag='655'><subfield code='a'>Electronic books.</subfield></datafield><datafield ind1='2' ind2='0' tag='610'><subfield code='a'>International Monetary Fund</subfield><subfield code='z'>Romania.</subfield></datafield><datafield ind1=' ' ind2=' ' tag='700'><subfield code='a'>International Monetary Fund</subfield><subfield code='e'>Contributor</subfield></datafield><datafield ind1=' ' ind2=' ' tag='776'><subfield code='z'>1-4755-4165-1</subfield></datafield><datafield ind1=' ' ind2=' ' tag='776'><subfield code='z'>1-306-88919-7</subfield></datafield><datafield ind1=' ' ind2='0' tag='830'><subfield code='a'>IMF Staff Country Reports</subfield></datafield><datafield ind1=' ' ind2=' ' tag='906'><subfield code='a'>BOOK</subfield></datafield><datafield ind1=' ' ind2=' ' tag='PRT'><subfield code='a'>53398322490003811</subfield><subfield code='b'>https://sandbox01-na.alma.exlibrisgroup.com/view/uresolver/01TULI_INST/openurl?u.ignore_date_coverage=true&amp;rft.mms_id=991036746518603811</subfield><subfield code='e'>EBSCOhost</subfield><subfield code='c'>EBSCOhost Academic eBook Collection (North America)</subfield><subfield code='h'>613640000000000029</subfield><subfield code='8'>53398322490003811</subfield></datafield><datafield ind1=' ' ind2=' ' tag='PRT'><subfield code='a'>53422525390003811</subfield><subfield code='b'>https://sandbox01-na.alma.exlibrisgroup.com/view/uresolver/01TULI_INST/openurl?u.ignore_date_coverage=true&amp;rft.mms_id=991036746518603811</subfield><subfield code='e'>Ebook Central</subfield><subfield code='c'>Ebook Central Academic Complete</subfield><subfield code='h'>614200000000000002</subfield><subfield code='8'>53422525390003811</subfield></datafield></record>