
<record xmlns='http://www.loc.gov/MARC21/slim'><leader>03079nam  2200325 a 4500</leader><controlfield tag='001'>991036731244003811</controlfield><controlfield tag='005'>20170810183239.0</controlfield><controlfield tag='006'>m     o  d |      </controlfield><controlfield tag='007'>cr -n---------</controlfield><controlfield tag='008'>100518s2011    nju     ob    000 0deng d</controlfield><datafield ind1=' ' ind2=' ' tag='010'><subfield code='z'>  2010021012</subfield></datafield><datafield ind1=' ' ind2=' ' tag='020'><subfield code='a'>1-283-38332-2</subfield></datafield><datafield ind1=' ' ind2=' ' tag='020'><subfield code='a'>9786613383327</subfield></datafield><datafield ind1=' ' ind2=' ' tag='020'><subfield code='a'>0-8135-5082-3</subfield></datafield><datafield ind1=' ' ind2=' ' tag='035'><subfield code='a'>(CKB)2550000000074020</subfield></datafield><datafield ind1=' ' ind2=' ' tag='035'><subfield code='a'>(EBL)817176</subfield></datafield><datafield ind1=' ' ind2=' ' tag='035'><subfield code='a'>(OCoLC)768732003</subfield></datafield><datafield ind1=' ' ind2=' ' tag='035'><subfield code='a'>(SSID)ssj0000565115</subfield></datafield><datafield ind1=' ' ind2=' ' tag='035'><subfield code='a'>(PQKBManifestationID)11371437</subfield></datafield><datafield ind1=' ' ind2=' ' tag='035'><subfield code='a'>(PQKBTitleCode)TC0000565115</subfield></datafield><datafield ind1=' ' ind2=' ' tag='035'><subfield code='a'>(PQKBWorkID)10528117</subfield></datafield><datafield ind1=' ' ind2=' ' tag='035'><subfield code='a'>(PQKB)10128589</subfield></datafield><datafield ind1=' ' ind2=' ' tag='035'><subfield code='a'>(MiAaPQ)EBC817176</subfield></datafield><datafield ind1=' ' ind2=' ' tag='035'><subfield code='a'>(EXLCZ)992550000000074020</subfield></datafield><datafield ind1=' ' ind2=' ' tag='040'><subfield code='a'>MiAaPQ</subfield><subfield code='c'>MiAaPQ</subfield><subfield code='d'>MiAaPQ</subfield></datafield><datafield ind1=' ' ind2=' ' tag='041'><subfield code='a'>eng</subfield></datafield><datafield ind1=' ' ind2='4' tag='050'><subfield code='a'>HD4904.25</subfield><subfield code='b'>.A8 2011</subfield></datafield><datafield ind1='0' ind2='0' tag='082'><subfield code='a'>306.85</subfield><subfield code='a'>650.1</subfield></datafield><datafield ind1='1' ind2=' ' tag='100'><subfield code='a'>Garey, Anita Ilta.</subfield></datafield><datafield ind1='0' ind2='0' tag='245'><subfield code='a'>At the heart of work and family</subfield><subfield code='h'>[electronic resource] :</subfield><subfield code='b'>engaging the ideas of Arlie Hochschild /</subfield><subfield code='c'>edited by Anita Ilta Garey, Karen V. Hansen ; foreword by Barbara Ehrenreich.</subfield></datafield><datafield ind1=' ' ind2=' ' tag='260'><subfield code='a'>New Brunswick, N.J. :</subfield><subfield code='b'>Rutgers University Press,</subfield><subfield code='c'>c2011.</subfield></datafield><datafield ind1=' ' ind2=' ' tag='300'><subfield code='a'>1 online resource (298 p.)</subfield></datafield><datafield ind1=' ' ind2=' ' tag='336'><subfield code='a'>text</subfield><subfield code='b'>txt</subfield></datafield><datafield ind1=' ' ind2=' ' tag='337'><subfield code='a'>computer</subfield><subfield code='b'>c</subfield></datafield><datafield ind1=' ' ind2=' ' tag='338'><subfield code='a'>online resource</subfield><subfield code='b'>cr</subfield></datafield><datafield ind1='1' ind2=' ' tag='490'><subfield code='a'>Families in focus series</subfield></datafield><datafield ind1=' ' ind2=' ' tag='500'><subfield code='a'>Description based upon print version of record.</subfield></datafield><datafield ind1=' ' ind2=' ' tag='520'><subfield code='a'>At the Heart of Work and Family presents original research on work and family by scholars who engage and build on the conceptual framework developed by well-known sociologist Arlie Russell Hochschild. These concepts, such as &quot;&quot;the second shift,&quot;&quot; &quot;&quot;the economy of gratitude,&quot;&quot; &quot;&quot;emotion work,&quot;&quot; &quot;&quot;feeling rules,&quot;&quot; &quot;&quot;gender strategies,&quot;&quot; and &quot;&quot;the time bind,&quot;&quot; are basic to sociology and have shaped both popular discussions and academic study. The common thread in these essays covering the gender division of housework, childcare networks, families in the global economy, and children of consum</subfield></datafield><datafield ind1=' ' ind2=' ' tag='546'><subfield code='a'>English</subfield></datafield><datafield ind1='0' ind2=' ' tag='505'><subfield code='a'>Inside the clockwork of male careers / Arlie Russell Hochschild -- Shift work in multiple time zones : some implications of contingent and nonstandard employment for family life / Vicki Smith -- Where families and children&apos;s activities meet : gender, meshing work, and family myths / Patricia Berhau, Annette Lareau, and Julie E. Press -- Emotional carework, gender, and the division of household labor / Rebecca J. Erickson -- Why can&apos;t I have what I want? Timing employment, marriage, and motherhood / Rosanna Hertz -- Framing couple time and togetherness among American and Norwegian professional couples / Jeremy Schulz -- Love and gratitude : single mothers talk about men&apos;s contributions to the second shift / Margaret K. Nelson -- The asking rules of reciprocity / Karen V. Hansen -- Wives who play by the rules : working on emotions in the sport marriage / Steven M. Ortiz -- Emotion work in the age of insecurity / Marianne Cooper -- The crisis of care / Barrie Thorne -- The family work of parenting in public / Marjorie L. DeVault -- Maternally yours : the emotion work of maternal visibility / Anita Ilta Garey -- Invisible care and the illusion of independence / Lynn May Rivas -- Remaking family through subcontracting care : elder care in Taiwanese and Hong Kong immigrant families / Pei-Chia Lan -- The Viacom generation : the consumer child and the corporate parent / Juliet B. Schor -- Consumption as care and belonging : economies of dignity in children&apos;s daily lives / Allison J. Pugh -- Interracial intimacy on the commodity frontier / Kimberly McClain DaCosta -- The globalization-family nexus : families as mediating structures of globalization / Nazli Kibria -- Homeland visits : transnational magnified moments among low-wage immigrant men / Hung Cam Thai -- Childbirth at the global crossroads / Arlie Russell Hochschild.</subfield></datafield><datafield ind1=' ' ind2=' ' tag='504'><subfield code='a'>Includes bibliographical references.</subfield></datafield><datafield ind1=' ' ind2='0' tag='650'><subfield code='a'>Work and family.</subfield></datafield><datafield ind1=' ' ind2='4' tag='655'><subfield code='a'>Electronic books.</subfield></datafield><datafield ind1='1' ind2='0' tag='600'><subfield code='a'>Hochschild, Arlie Russell,</subfield><subfield code='d'>1940-</subfield><subfield code='x'>Criticism and interpretation.</subfield></datafield><datafield ind1=' ' ind2=' ' tag='776'><subfield code='z'>0-8135-4955-8</subfield></datafield><datafield ind1='1' ind2=' ' tag='700'><subfield code='a'>Garey, Anita Ilta,</subfield><subfield code='d'>1947-</subfield></datafield><datafield ind1='1' ind2=' ' tag='700'><subfield code='a'>Hansen, Karen V.</subfield></datafield><datafield ind1=' ' ind2='0' tag='830'><subfield code='a'>Families in focus.</subfield></datafield><datafield ind1=' ' ind2=' ' tag='906'><subfield code='a'>BOOK</subfield></datafield><datafield ind1=' ' ind2=' ' tag='PRT'><subfield code='a'>53396009080003811</subfield><subfield code='b'>https://sandbox01-na.alma.exlibrisgroup.com/view/uresolver/01TULI_INST/openurl?u.ignore_date_coverage=true&amp;rft.mms_id=991036731244003811</subfield><subfield code='e'>EBSCOhost</subfield><subfield code='c'>EBSCOhost eBook Community College Collection</subfield><subfield code='h'>613860000000000003</subfield><subfield code='8'>53396009080003811</subfield></datafield><datafield ind1=' ' ind2=' ' tag='PRT'><subfield code='a'>53422034010003811</subfield><subfield code='b'>https://sandbox01-na.alma.exlibrisgroup.com/view/uresolver/01TULI_INST/openurl?u.ignore_date_coverage=true&amp;rft.mms_id=991036731244003811</subfield><subfield code='e'>Ebook Central</subfield><subfield code='c'>Ebook Central Academic Complete</subfield><subfield code='h'>614200000000000002</subfield><subfield code='8'>53422034010003811</subfield></datafield><datafield ind1=' ' ind2=' ' tag='PRT'><subfield code='a'>53404825430003811</subfield><subfield code='b'>https://sandbox01-na.alma.exlibrisgroup.com/view/uresolver/01TULI_INST/openurl?u.ignore_date_coverage=true&amp;rft.mms_id=991036731244003811</subfield><subfield code='e'>EBSCOhost</subfield><subfield code='c'>eBook Public Library Collection - North America</subfield><subfield code='h'>613790000000001577</subfield><subfield code='8'>53404825430003811</subfield></datafield><datafield ind1=' ' ind2=' ' tag='PRT'><subfield code='a'>53394114530003811</subfield><subfield code='b'>https://sandbox01-na.alma.exlibrisgroup.com/view/uresolver/01TULI_INST/openurl?u.ignore_date_coverage=true&amp;rft.mms_id=991036731244003811</subfield><subfield code='e'>EBSCOhost</subfield><subfield code='c'>EBSCOhost Academic eBook Collection (North America)</subfield><subfield code='h'>613640000000000029</subfield><subfield code='8'>53394114530003811</subfield></datafield><datafield ind1=' ' ind2=' ' tag='PRT'><subfield code='a'>53405807420003811</subfield><subfield code='b'>https://sandbox01-na.alma.exlibrisgroup.com/view/uresolver/01TULI_INST/openurl?u.ignore_date_coverage=true&amp;rft.mms_id=991036731244003811</subfield><subfield code='e'>EBSCOhost</subfield><subfield code='c'>eBook Business Collection</subfield><subfield code='h'>613790000000001579</subfield><subfield code='8'>53405807420003811</subfield></datafield><datafield ind1=' ' ind2=' ' tag='PRT'><subfield code='a'>53424726730003811</subfield><subfield code='b'>https://sandbox01-na.alma.exlibrisgroup.com/view/uresolver/01TULI_INST/openurl?u.ignore_date_coverage=true&amp;rft.mms_id=991036731244003811</subfield><subfield code='e'>Ebook Central</subfield><subfield code='c'>Ebook Central University Press</subfield><subfield code='h'>614330000000000093</subfield><subfield code='8'>53424726730003811</subfield></datafield><datafield ind1=' ' ind2=' ' tag='PRT'><subfield code='a'>53408529400003811</subfield><subfield code='b'>https://sandbox01-na.alma.exlibrisgroup.com/view/uresolver/01TULI_INST/openurl?u.ignore_date_coverage=true&amp;rft.mms_id=991036731244003811</subfield><subfield code='e'>JSTOR</subfield><subfield code='c'>JSTOR Books EBA Pilot</subfield><subfield code='h'>613810000000000259</subfield><subfield code='8'>53408529400003811</subfield></datafield></record>