
<record xmlns='http://www.loc.gov/MARC21/slim'><leader>03817nam  2200565 a 4500</leader><controlfield tag='001'>991036731289003811</controlfield><controlfield tag='005'>20171211211807.0</controlfield><controlfield tag='006'>m     o  d |      </controlfield><controlfield tag='008'>110810s2011    caua    ob    000 0 eng d</controlfield><datafield ind1=' ' ind2=' ' tag='010'><subfield code='z'>  2011033719</subfield></datafield><datafield ind1=' ' ind2=' ' tag='020'><subfield code='a'>1-283-59736-5</subfield></datafield><datafield ind1=' ' ind2=' ' tag='020'><subfield code='a'>9786613909817</subfield></datafield><datafield ind1=' ' ind2=' ' tag='020'><subfield code='a'>0-8330-5171-7</subfield></datafield><datafield ind1=' ' ind2=' ' tag='035'><subfield code='a'>(CKB)2550000000057858</subfield></datafield><datafield ind1=' ' ind2=' ' tag='035'><subfield code='a'>(EBL)796096</subfield></datafield><datafield ind1=' ' ind2=' ' tag='035'><subfield code='a'>(SSID)ssj0000534689</subfield></datafield><datafield ind1=' ' ind2=' ' tag='035'><subfield code='a'>(PQKBManifestationID)11353390</subfield></datafield><datafield ind1=' ' ind2=' ' tag='035'><subfield code='a'>(PQKBTitleCode)TC0000534689</subfield></datafield><datafield ind1=' ' ind2=' ' tag='035'><subfield code='a'>(PQKBWorkID)10518576</subfield></datafield><datafield ind1=' ' ind2=' ' tag='035'><subfield code='a'>(PQKB)10833080</subfield></datafield><datafield ind1=' ' ind2=' ' tag='035'><subfield code='a'>(MiAaPQ)EBC796096</subfield></datafield><datafield ind1=' ' ind2=' ' tag='035'><subfield code='a'>(EXLCZ)992550000000057858</subfield></datafield><datafield ind1=' ' ind2=' ' tag='040'><subfield code='a'>MiAaPQ</subfield><subfield code='c'>MiAaPQ</subfield><subfield code='d'>MiAaPQ</subfield></datafield><datafield ind1=' ' ind2=' ' tag='041'><subfield code='a'>eng</subfield></datafield><datafield ind1=' ' ind2=' ' tag='043'><subfield code='a'>a-af---</subfield><subfield code='a'>e-ur---</subfield></datafield><datafield ind1=' ' ind2='4' tag='050'><subfield code='a'>DS371.2</subfield><subfield code='b'>.O43 2011</subfield></datafield><datafield ind1='0' ind2='0' tag='082'><subfield code='a'>958.104/5</subfield><subfield code='a'>958.1045</subfield></datafield><datafield ind1='1' ind2=' ' tag='100'><subfield code='a'>Oliker, Olga.</subfield></datafield><datafield ind1='1' ind2='0' tag='245'><subfield code='a'>Building Afghanistan&apos;s security forces in wartime</subfield><subfield code='h'>[electronic resource] :</subfield><subfield code='b'>the Soviet experience /</subfield><subfield code='c'>Olga Oliker.</subfield></datafield><datafield ind1=' ' ind2=' ' tag='260'><subfield code='a'>Santa Monica, Calif. :</subfield><subfield code='b'>RAND,</subfield><subfield code='c'>c2011.</subfield></datafield><datafield ind1=' ' ind2=' ' tag='300'><subfield code='a'>1 online resource (168 p.)</subfield></datafield><datafield ind1=' ' ind2=' ' tag='336'><subfield code='a'>text</subfield><subfield code='b'>txt</subfield></datafield><datafield ind1=' ' ind2=' ' tag='337'><subfield code='a'>computer</subfield><subfield code='b'>c</subfield></datafield><datafield ind1=' ' ind2=' ' tag='338'><subfield code='a'>online resource</subfield><subfield code='b'>cr</subfield></datafield><datafield ind1=' ' ind2=' ' tag='500'><subfield code='a'>Description based upon print version of record.</subfield></datafield><datafield ind1='0' ind2=' ' tag='505'><subfield code='a'>Cover; Title Page; Copyright; Preface; Contents; Figures; Table; Summary; Acknowledgments; Abbreviations; Chapter One: Introduction; The Limited Contingent; Purpose and Research Approach; Chapter Two: Historical Overview: 20th-Century Security Aid to Afghanistan Before the Soviet Invasion; 1920-1978; The Saur Revolution; Events Leading Up to the Soviet Invasion; Afghan Security Forces on the Eve of the Soviet Invasion; A Decision to Invade?; Chapter Three: The Soviet Advisory Mission in the 1980&apos;s: Senior Leadership and Reporting Channels</subfield></datafield><datafield ind1='8' ind2=' ' tag='505'><subfield code='a'>Chapter Four: MoI and KhAD Security Forces During the 1980&apos;s The Sarandoy; KhAD; Chapter Five: The Afghan Military; The Military Advisory Mission; Training of Afghan Military Personnel; Aviation; Border Forces; Chapter Six: Militias and Other Forces; Citizen Militias; Border and Tribal Militias; Chapter Seven: Afghan Security Forces Challenges and Responses; Force Size and Desertion; Efforts to Increase Numbers and Improve Morale; Equipment; Division of Labor Among Afghan Security Forces; Transferring Control</subfield></datafield><datafield ind1='8' ind2=' ' tag='505'><subfield code='a'>Chapter Eight: The Soviet Decision to Withdraw and the Legacy of Soviet Efforts to Build Afghan Security Forces Dissenting Voices; Preparing to Leave; The Withdrawal and After; Evaluating Soviet Efforts in Hindsight; Chapter Nine: Conclusion: Parallels, Disconnects, and What the International Security Assistance Force Can Learn from the Soviet Experience; Overall Approaches; Recruiting and Retention; Policing; Counterinsurgency and Military Training; Interaction Between Afghan and Foreign Forces and the Challenges of Transferring Lead Responsibility; Afghan Capabilities</subfield></datafield><datafield ind1='8' ind2=' ' tag='505'><subfield code='a'>What ISAF Can Learn from the Soviet Experience References</subfield></datafield><datafield ind1=' ' ind2=' ' tag='520'><subfield code='a'>Security force assistance is central to the counterinsurgency campaign of U.S. and coalition forces in Afghanistan. The outcome will hinge on the effectiveness of the assistance provided to the Afghan National Army, Afghan National Police, and other security forces. This report provides an overview of Soviet efforts to improve and facilitate the training and development of Afghan security forces.</subfield></datafield><datafield ind1=' ' ind2=' ' tag='546'><subfield code='a'>English</subfield></datafield><datafield ind1=' ' ind2=' ' tag='504'><subfield code='a'>Includes bibliographical references.</subfield></datafield><datafield ind1=' ' ind2='0' tag='650'><subfield code='a'>Military assistance, Soviet</subfield><subfield code='z'>Afghanistan.</subfield></datafield><datafield ind1=' ' ind2='0' tag='650'><subfield code='a'>Internal security</subfield><subfield code='z'>Afghanistan.</subfield></datafield><datafield ind1=' ' ind2='4' tag='655'><subfield code='a'>Electronic books.</subfield></datafield><datafield ind1=' ' ind2='0' tag='651'><subfield code='a'>Soviet Union</subfield><subfield code='x'>History, Military.</subfield></datafield><datafield ind1=' ' ind2='0' tag='651'><subfield code='a'>Afghanistan</subfield><subfield code='x'>History</subfield><subfield code='y'>Soviet occupation, 1979-1989.</subfield></datafield><datafield ind1=' ' ind2='0' tag='651'><subfield code='a'>Afghanistan</subfield><subfield code='x'>History, Military</subfield><subfield code='y'>20th century.</subfield></datafield><datafield ind1=' ' ind2=' ' tag='776'><subfield code='z'>0-8330-5168-7</subfield></datafield><datafield ind1='1' ind2=' ' tag='710'><subfield code='a'>United States.</subfield><subfield code='b'>Army.</subfield></datafield><datafield ind1=' ' ind2=' ' tag='906'><subfield code='a'>BOOK</subfield></datafield><datafield ind1=' ' ind2=' ' tag='PRT'><subfield code='a'>53401699520003811</subfield><subfield code='b'>https://sandbox01-na.alma.exlibrisgroup.com/view/uresolver/01TULI_INST/openurl?u.ignore_date_coverage=true&amp;rft.mms_id=991036731289003811</subfield><subfield code='e'>JSTOR</subfield><subfield code='c'>JSTOR Books Open Access</subfield><subfield code='h'>614330000000000094</subfield><subfield code='8'>53401699520003811</subfield></datafield><datafield ind1=' ' ind2=' ' tag='PRT'><subfield code='a'>53406274380003811</subfield><subfield code='b'>https://sandbox01-na.alma.exlibrisgroup.com/view/uresolver/01TULI_INST/openurl?u.ignore_date_coverage=true&amp;rft.mms_id=991036731289003811</subfield><subfield code='e'>EBSCOhost</subfield><subfield code='c'>EBSCOhost eBook History Collection - North America</subfield><subfield code='h'>613790000000001582</subfield><subfield code='8'>53406274380003811</subfield></datafield><datafield ind1=' ' ind2=' ' tag='PRT'><subfield code='a'>53424728290003811</subfield><subfield code='b'>https://sandbox01-na.alma.exlibrisgroup.com/view/uresolver/01TULI_INST/openurl?u.ignore_date_coverage=true&amp;rft.mms_id=991036731289003811</subfield><subfield code='e'>Ebook Central</subfield><subfield code='c'>Ebook Central University Press</subfield><subfield code='h'>614330000000000093</subfield><subfield code='8'>53424728290003811</subfield></datafield><datafield ind1=' ' ind2=' ' tag='PRT'><subfield code='a'>53422027310003811</subfield><subfield code='b'>https://sandbox01-na.alma.exlibrisgroup.com/view/uresolver/01TULI_INST/openurl?u.ignore_date_coverage=true&amp;rft.mms_id=991036731289003811</subfield><subfield code='e'>Ebook Central</subfield><subfield code='c'>Ebook Central Academic Complete</subfield><subfield code='h'>614200000000000002</subfield><subfield code='8'>53422027310003811</subfield></datafield><datafield ind1=' ' ind2=' ' tag='PRT'><subfield code='a'>53396616650003811</subfield><subfield code='b'>https://sandbox01-na.alma.exlibrisgroup.com/view/uresolver/01TULI_INST/openurl?u.ignore_date_coverage=true&amp;rft.mms_id=991036731289003811</subfield><subfield code='e'>EBSCOhost</subfield><subfield code='c'>EBSCOhost eBook Community College Collection</subfield><subfield code='h'>613860000000000003</subfield><subfield code='8'>53396616650003811</subfield></datafield></record>