
<record xmlns='http://www.loc.gov/MARC21/slim'><leader>03640cam a2200361 a 4500</leader><controlfield tag='005'>20170825181535.0</controlfield><controlfield tag='008'>110314s2011    enka     bf   001 0 eng d</controlfield><controlfield tag='001'>991019270899703811</controlfield><datafield ind1=' ' ind2=' ' tag='020'><subfield code='a'>9781848601468</subfield></datafield><datafield ind1=' ' ind2=' ' tag='020'><subfield code='a'>1848601468</subfield></datafield><datafield ind1=' ' ind2=' ' tag='035'><subfield code='a'>(PPT)b49341571-01tuli_inst</subfield></datafield><datafield ind1=' ' ind2=' ' tag='035'><subfield code='a'>(OCoLC)ocn754750727</subfield><subfield code='9'>ExL</subfield></datafield><datafield ind1=' ' ind2=' ' tag='035'><subfield code='a'>(OCoLC)707071757</subfield></datafield><datafield ind1=' ' ind2=' ' tag='035'><subfield code='a'>ocn707071757</subfield></datafield><datafield ind1=' ' ind2=' ' tag='035'><subfield code='a'>(OCLC)ocn707071757</subfield></datafield><datafield ind1=' ' ind2=' ' tag='040'><subfield code='a'>Z@L</subfield><subfield code='c'>Z@L</subfield><subfield code='d'>YDXCP</subfield><subfield code='d'>TXA</subfield><subfield code='d'>VVN</subfield><subfield code='d'>COH</subfield><subfield code='d'>OI@</subfield><subfield code='d'>CUT</subfield><subfield code='d'>CDX</subfield><subfield code='d'>PPT</subfield></datafield><datafield ind1=' ' ind2=' ' tag='079'><subfield code='a'>ocn707071757</subfield></datafield><datafield ind1=' ' ind2=' ' tag='090'><subfield code='a'>HM1261</subfield><subfield code='b'>.S24 2011</subfield></datafield><datafield ind1='0' ind2='4' tag='245'><subfield code='a'>The SAGE handbook of leadership /</subfield><subfield code='c'>edited by Alan Bryman ... [et al.].</subfield></datafield><datafield ind1='3' ind2='0' tag='246'><subfield code='a'>Handbook of leadership</subfield></datafield><datafield ind1=' ' ind2=' ' tag='260'><subfield code='a'>London :</subfield><subfield code='a'>Thousand Oaks, Calif. :</subfield><subfield code='b'>SAGE,</subfield><subfield code='c'>2011.</subfield></datafield><datafield ind1=' ' ind2=' ' tag='300'><subfield code='a'>xxxviii, 551 p. :</subfield><subfield code='b'>ill. ;</subfield><subfield code='c'>26 cm.</subfield></datafield><datafield ind1=' ' ind2=' ' tag='504'><subfield code='a'>Includes bibliographic references and indexes.</subfield></datafield><datafield ind1='0' ind2=' ' tag='505'><subfield code='a'>Part I Overview perspectives.  A  history of leadership -- Research methods in the study of leadership -- The enduring and elusive quest for a general theory of leadership: initial efforts and new horizons - Leadership development. Part II Macro and sociological perspectives. Leadership and organization theory -- Perspectives on strategic leadership -- Charismatic leadership -- Gender and leadership -- A network approach to leader cognition and effectiveness --  Trust and distrust in the leadership process: a review and assessment of theory and evidence -- Leadership and organizational culture -- Cross-cultural leadership revisited. Part III Political and philosophical perspectives. Critical leadership studies -- Leadership and power -- Political leadership -- Leadership and cults -- Leadership ethics -- Philosophy of leadership -- Aesthetics and leadership. Part IV Psychological perspectives. Predictors of leadership: the usual suspects and the suspect traits -- Contingency theories of effective leadership -- Transformational leadership -- Leader-member exchange: recent findings and prospects for the future -- Leadership and attachment theory:  understanding interpersonal dynamics in leader-follower relations -- Team leadership: a review and look ahead -- Authentic leadership -- A multi-level view of leadership and emotions: leading with emotional labor -- The shadow side of leadership -- Psychoanalytic approaches to leadership -- Creativity, innovation and leadership: models and findings. Part V Emerging perspectives. Followership and follower-centred approaches -- Hybrid configurations of leadership -- Moving relationality : meditations on a relational approach to leadership -- Complexity leadership theory -- Spirituality and leadership -- Discursive approaches to leadership -- Being leaders: identities and identity work in leadership -- The virtual leader.</subfield></datafield><datafield ind1=' ' ind2=' ' tag='520'><subfield code='a'>Leadership pervades every aspect of organizational and social life, and its study has never been more diverse, nor more fertile. With contributions from those who have defined that territory, this volume is not only a key point of reference for researchers, students and practitioners, but also an agenda-setting prospective and retrospective look at the state of leadership in the twenty-first century. It evaluates the domain and stretches it further by considering leadership scholarship from every angle, concluding with an optimistic look at the future of leaders, followers and their place in organizations and society at large.</subfield></datafield><datafield ind1=' ' ind2='0' tag='650'><subfield code='a'>Leadership</subfield><subfield code='v'>Handbooks, manuals, etc.</subfield></datafield><datafield ind1='1' ind2=' ' tag='700'><subfield code='a'>Bryman, Alan.</subfield></datafield><datafield ind1=' ' ind2=' ' tag='902'><subfield code='a'>170215</subfield></datafield><datafield ind1=' ' ind2=' ' tag='907'><subfield code='a'>.b49341571</subfield><subfield code='b'>p    </subfield><subfield code='c'>-</subfield></datafield><datafield ind1=' ' ind2=' ' tag='945'><subfield code='l'>pstk </subfield><subfield code='g'>1</subfield></datafield><datafield ind1=' ' ind2=' ' tag='979'><subfield code='a'>ocn707071757</subfield></datafield><datafield ind1=' ' ind2=' ' tag='998'><subfield code='b'>1</subfield><subfield code='c'>110908</subfield><subfield code='d'>m</subfield><subfield code='e'>a</subfield><subfield code='f'>-</subfield><subfield code='g'>4</subfield></datafield><datafield ind1=' ' ind2=' ' tag='998'><subfield code='a'>09/08/11</subfield><subfield code='s'>OCLC</subfield><subfield code='c'>AT</subfield></datafield><datafield ind1=' ' ind2=' ' tag='ADM'><subfield code='b'>2017-08-25 22:15:35</subfield><subfield code='e'>b49341571-01tuli_inst</subfield><subfield code='d'>ILS</subfield><subfield code='a'>2017-06-20 07:43:36</subfield><subfield code='c'>false</subfield></datafield><datafield ind1='0' ind2=' ' tag='HLD'><subfield code='b'>MAIN</subfield><subfield code='c'>stacks</subfield><subfield code='h'>HM1261</subfield><subfield code='i'>.S24 2011</subfield><subfield code='8'>22271265130003811</subfield></datafield><datafield ind1=' ' ind2=' ' tag='ITM'><subfield code='r'>22271265130003811</subfield><subfield code='b'>1</subfield><subfield code='h'>0</subfield><subfield code='g'>stacks</subfield><subfield code='t'>BOOK</subfield><subfield code='9'>39074026325365</subfield><subfield code='e'>stacks</subfield><subfield code='8'>23271265110003811</subfield><subfield code='a'>0</subfield><subfield code='q'>2017-06-20 07:43:36</subfield><subfield code='i'>HM1261 .S24 2011</subfield><subfield code='d'>MAIN</subfield><subfield code='f'>MAIN</subfield></datafield></record>