
<record xmlns='http://www.loc.gov/MARC21/slim'><leader>01612nam  2200373 i 4500</leader><controlfield tag='001'>991036877017003811</controlfield><controlfield tag='005'>20170821171345.0</controlfield><controlfield tag='006'>m     o  d |      </controlfield><controlfield tag='007'>cr -n---------</controlfield><controlfield tag='008'>140903t20112011cou     ob    001 0 eng d</controlfield><datafield ind1=' ' ind2=' ' tag='020'><subfield code='a'>1-62637-600-X</subfield></datafield><datafield ind1=' ' ind2=' ' tag='020'><subfield code='a'>1-62637-022-2</subfield></datafield><datafield ind1=' ' ind2=' ' tag='020'><subfield code='a'>1-58826-757-1</subfield></datafield><datafield ind1=' ' ind2=' ' tag='035'><subfield code='a'>(CKB)2670000000373521</subfield></datafield><datafield ind1=' ' ind2=' ' tag='035'><subfield code='a'>(EBL)3329060</subfield></datafield><datafield ind1=' ' ind2=' ' tag='035'><subfield code='a'>(SSID)ssj0001046407</subfield></datafield><datafield ind1=' ' ind2=' ' tag='035'><subfield code='a'>(PQKBManifestationID)12415501</subfield></datafield><datafield ind1=' ' ind2=' ' tag='035'><subfield code='a'>(PQKBTitleCode)TC0001046407</subfield></datafield><datafield ind1=' ' ind2=' ' tag='035'><subfield code='a'>(PQKBWorkID)11137573</subfield></datafield><datafield ind1=' ' ind2=' ' tag='035'><subfield code='a'>(PQKB)11405917</subfield></datafield><datafield ind1=' ' ind2=' ' tag='035'><subfield code='a'>(MiAaPQ)EBC3329060</subfield></datafield><datafield ind1=' ' ind2=' ' tag='035'><subfield code='a'>(EXLCZ)992670000000373521</subfield></datafield><datafield ind1=' ' ind2=' ' tag='040'><subfield code='a'>MiAaPQ</subfield><subfield code='b'>eng</subfield><subfield code='e'>rda</subfield><subfield code='e'>pn</subfield><subfield code='c'>MiAaPQ</subfield><subfield code='d'>MiAaPQ</subfield></datafield><datafield ind1=' ' ind2=' ' tag='041'><subfield code='a'>eng</subfield></datafield><datafield ind1=' ' ind2=' ' tag='043'><subfield code='a'>f------</subfield></datafield><datafield ind1=' ' ind2='4' tag='050'><subfield code='a'>JZ4997.5.A35</subfield><subfield code='b'>.A343 2011</subfield></datafield><datafield ind1='0' ind2='0' tag='082'><subfield code='a'>355.357096</subfield></datafield><datafield ind1='1' ind2=' ' tag='100'><subfield code='a'>Adebajo, Adekeye,</subfield><subfield code='d'>1966-</subfield><subfield code='e'>author.</subfield></datafield><datafield ind1='1' ind2='0' tag='245'><subfield code='a'>UN peacekeeping in Africa :</subfield><subfield code='b'>from the Suez crisis to the Sudan conflicts /</subfield><subfield code='c'>Adekeye Adebajo.</subfield></datafield><datafield ind1=' ' ind2='1' tag='264'><subfield code='a'>Boulder, Colorado :</subfield><subfield code='b'>Lynne Rienner Publishers,</subfield><subfield code='c'>2011.</subfield></datafield><datafield ind1=' ' ind2='4' tag='264'><subfield code='c'>©2011</subfield></datafield><datafield ind1=' ' ind2=' ' tag='300'><subfield code='a'>1 online resource (288 p.)</subfield></datafield><datafield ind1=' ' ind2=' ' tag='336'><subfield code='a'>text</subfield><subfield code='b'>txt</subfield></datafield><datafield ind1=' ' ind2=' ' tag='337'><subfield code='a'>computer</subfield><subfield code='b'>c</subfield></datafield><datafield ind1=' ' ind2=' ' tag='338'><subfield code='a'>online resource</subfield><subfield code='b'>cr</subfield></datafield><datafield ind1='0' ind2=' ' tag='490'><subfield code='a'>A project of the International Peace Institute UN peacekeeping in Africa </subfield></datafield><datafield ind1=' ' ind2=' ' tag='500'><subfield code='a'>Description based upon print version of record.</subfield></datafield><datafield ind1='0' ind2=' ' tag='505'><subfield code='a'>&quot;&quot;Book Title&quot;&quot;; &quot;&quot;Table of Contents&quot;&quot;; &quot;&quot;Preface&quot;&quot;; &quot;&quot;Foreword, Terje RÃ?d-Larsen&quot;&quot;; &quot;&quot;Foreword, James Jonah&quot;&quot;; &quot;&quot;1-Introduction: Blue Berets, Burning Brushfires&quot;&quot;; &quot;&quot;Concepts and Contingencies&quot;&quot;; &quot;&quot;Justifying the Historical and Comparative Approach of the Book&quot;&quot;; &quot;&quot;Key Peacekeeping Issues&quot;&quot;; &quot;&quot;The History and Dilemmas of UN Peacekeeping in Africa&quot;&quot;; &quot;&quot;The UN and Africaâ€?s Regional Organizations&quot;&quot;; &quot;&quot;The Responsibility to Protect and to Rebuild&quot;&quot;; &quot;&quot;Notes&quot;&quot;; &quot;&quot;2-The Stealing of Suez and the Sahara: The UN in North Africa&quot;&quot;; &quot;&quot;The Suez Crisis: Ending Imperial Delusions&quot;&quot;</subfield></datafield><datafield ind1='8' ind2=' ' tag='505'><subfield code='a'>&quot;&quot;Western Sahara: The Tragic Tale of a Referendum&quot;&quot;&quot;&quot;Concluding Reflections&quot;&quot;; &quot;&quot;Notes&quot;&quot;; &quot;&quot;3-â€œNo More Congos!â€? The UN in the Great Lakes Region&quot;&quot;; &quot;&quot;Cold War Follies:The UN Mission in the Congo, 1960â€?1964&quot;&quot;; &quot;&quot;Fiddling While Rwanda Burns:The UN Mission in Rwanda, 1993â€?1994&quot;&quot;; &quot;&quot;An Improvised Success:The UN Mission in Burundi, 2004â€?2006&quot;&quot;; &quot;&quot;Peacekeepers, Plunderers, and Politicians:The UN Mission in the DRC, 2000â€?2011&quot;&quot;; &quot;&quot;Concluding Reflections&quot;&quot;; &quot;&quot;Notes&quot;&quot;; &quot;&quot;4-Orphans of the Cold War: The UN in Southern Africa&quot;&quot;; &quot;&quot;Namibia&quot;&quot;; &quot;&quot;Angola&quot;&quot;; &quot;&quot;Mozambique&quot;&quot;</subfield></datafield><datafield ind1='8' ind2=' ' tag='505'><subfield code='a'>&quot;&quot;Concluding Reflections&quot;&quot;&quot;&quot;Notes&quot;&quot;; &quot;&quot;5-The Tragic Triplets: The UN in West Africa&quot;&quot;; &quot;&quot;West Africaâ€?s Tragic Triplets&quot;&quot;; &quot;&quot;The Role, Impact, and Perceptions of the UN in West Africa&quot;&quot;; &quot;&quot;Concluding Reflections&quot;&quot;; &quot;&quot;Notes&quot;&quot;; &quot;&quot;6-The Conflicts of Identity: The UN in the Horn of Africa&quot;&quot;; &quot;&quot;Somalia&quot;&quot;; &quot;&quot;Ethiopia-Eritrea&quot;&quot;; &quot;&quot;Sudan&quot;&quot;; &quot;&quot;South Sudan&quot;&quot;; &quot;&quot;Darfur&quot;&quot;; &quot;&quot;Concluding Reflections&quot;&quot;; &quot;&quot;Notes&quot;&quot;; &quot;&quot;7-Conclusion: From Burden Shedding to Burden Sharing&quot;&quot;; &quot;&quot;The Security Councilâ€?s Great Powers&quot;&quot;; &quot;&quot;Establishing an Effective Division of Labor&quot;&quot;; &quot;&quot;Multilateralizing Hegemony&quot;&quot;</subfield></datafield><datafield ind1='8' ind2=' ' tag='505'><subfield code='a'>&quot;&quot;Dealing with Spoilers&quot;&quot;&quot;&quot;Selecting Effective UN Special Representatives&quot;&quot;; &quot;&quot;Notes&quot;&quot;; &quot;&quot;Bibliography&quot;&quot;; &quot;&quot;Index&quot;&quot;; &quot;&quot;About the Book&quot;&quot;</subfield></datafield><datafield ind1=' ' ind2=' ' tag='546'><subfield code='a'>English</subfield></datafield><datafield ind1=' ' ind2=' ' tag='504'><subfield code='a'>Includes bibliographical references and index.</subfield></datafield><datafield ind1=' ' ind2=' ' tag='588'><subfield code='a'>Description based on print version record.</subfield></datafield><datafield ind1=' ' ind2='0' tag='650'><subfield code='a'>Peacekeeping forces</subfield><subfield code='z'>Africa</subfield><subfield code='x'>History.</subfield></datafield><datafield ind1=' ' ind2='0' tag='650'><subfield code='a'>Peace-building</subfield><subfield code='z'>Africa</subfield><subfield code='x'>History.</subfield></datafield><datafield ind1=' ' ind2='0' tag='650'><subfield code='a'>Conflict management</subfield><subfield code='z'>Africa</subfield><subfield code='x'>History.</subfield></datafield><datafield ind1=' ' ind2='4' tag='655'><subfield code='a'>Electronic books.</subfield></datafield><datafield ind1='2' ind2='0' tag='610'><subfield code='a'>United Nations</subfield><subfield code='x'>Peacekeeping forces</subfield><subfield code='z'>Africa</subfield><subfield code='x'>History.</subfield></datafield><datafield ind1='0' ind2='8' tag='776'><subfield code='i'>Print version:</subfield><subfield code='a'>Adebajo, Adekeye, 1966-</subfield><subfield code='t'>U N peacekeeping in Africa : from the Suez crisis to the Sudan conflicts.</subfield><subfield code='d'>Boulder, Colorado : Lynne Rienner Publishers, c2011 </subfield><subfield code='h'>xviii, 270 pages </subfield><subfield code='z'>9781588267573 </subfield><subfield code='w'>2011020126</subfield></datafield><datafield ind1=' ' ind2=' ' tag='906'><subfield code='a'>BOOK</subfield></datafield><datafield ind1=' ' ind2=' ' tag='ADM'><subfield code='b'>2018-02-05 08:36:38</subfield><subfield code='e'>(CKB)2670000000373521</subfield><subfield code='d'>EBC</subfield><subfield code='a'>2013-06-23 08:11:01</subfield><subfield code='c'>false</subfield></datafield><datafield ind1=' ' ind2=' ' tag='PRT'><subfield code='a'>53412947360003811</subfield><subfield code='b'>https://sandbox01-na.alma.exlibrisgroup.com/view/uresolver/01TULI_INST/openurl?u.ignore_date_coverage=true&amp;rft.mms_id=991036877017003811</subfield><subfield code='e'>EBSCOhost</subfield><subfield code='9'>Available</subfield><subfield code='c'>EBSCOhost Academic eBook Collection (North America)</subfield><subfield code='h'>613640000000000029</subfield><subfield code='8'>53412947360003811</subfield></datafield></record>