
<record xmlns='http://www.loc.gov/MARC21/slim'><leader>03630ngm a2200529Ia 4500</leader><controlfield tag='005'>20130303151047.0</controlfield><controlfield tag='006'>m|||||o||c||||||||</controlfield><controlfield tag='007'>vz|czazuu</controlfield><controlfield tag='007'>cr|cna</controlfield><controlfield tag='008'>130301s2010||||nyu015||||||||o|||vleng|d</controlfield><controlfield tag='001'>991035231869703811</controlfield><datafield ind1='4' ind2='0' tag='028'><subfield code='a'>49391</subfield><subfield code='b'>Films Media Group</subfield></datafield><datafield ind1=' ' ind2=' ' tag='035'><subfield code='a'>(PPT)b54611039-01tuli_inst</subfield></datafield><datafield ind1=' ' ind2=' ' tag='035'><subfield code='a'>(FOD)100049391</subfield><subfield code='9'>ExL</subfield></datafield><datafield ind1=' ' ind2=' ' tag='035'><subfield code='a'>100049391</subfield></datafield><datafield ind1=' ' ind2=' ' tag='035'><subfield code='a'>(OCoLC)828744048</subfield></datafield><datafield ind1=' ' ind2=' ' tag='040'><subfield code='a'>AzPhAEM</subfield></datafield><datafield ind1='0' ind2=' ' tag='041'><subfield code='a'>eng</subfield><subfield code='j'>eng</subfield></datafield><datafield ind1='0' ind2='0' tag='245'><subfield code='a'>Breaking the Wall of National History</subfield><subfield code='h'>[electronic resource (video)] :</subfield><subfield code='b'>How Looking Beyond the Nation-State Helps Us Understand the Past - and Perhaps the Future /</subfield><subfield code='c'>Falling Walls Foundation.</subfield></datafield><datafield ind1='3' ind2=' ' tag='246'><subfield code='a'>How Looking Beyond the Nation-State Helps Us Understand the Past - and Perhaps the Future</subfield></datafield><datafield ind1='3' ind2=' ' tag='260'><subfield code='a'>New York, N.Y. :</subfield><subfield code='b'>Films Media Group,</subfield><subfield code='c'>[2012], c2010.</subfield></datafield><datafield ind1=' ' ind2=' ' tag='300'><subfield code='a'>1 streaming video file (15 min.) :</subfield><subfield code='b'>sd., col.</subfield></datafield><datafield ind1=' ' ind2=' ' tag='500'><subfield code='a'>Encoded with permission for digital streaming by Films Media Group on August 24, 2012.</subfield></datafield><datafield ind1=' ' ind2=' ' tag='500'><subfield code='a'>Films on Demand is distributed by Films Media Group for Films for the Humanities &amp; Sciences, Cambridge Educational, Meridian Education, and Shopware.</subfield></datafield><datafield ind1='0' ind2=' ' tag='505'><subfield code='a'>Frederick Cooper&apos;s Opening Remarks (0:50) -- Sovereignty vs. Unity (0:55) -- Umbrella Administrations (2:06) -- Citizen vs. Subject (0:37) -- Changing Forms of Empire (1:28) -- Gaining European Rights (1:48) -- Post-Colonial African-European Relations (1:38) -- African Sovereignty (1:21) -- Fabricating the French National Identity (0:47) -- Reinterpreting History (0:37) -- A Modern Empire Collapses (0:56) -- Nation-State: a Point of Contingency (1:13)</subfield></datafield><datafield ind1=' ' ind2=' ' tag='506'><subfield code='a'>Access requires authentication through Films on Demand.</subfield></datafield><datafield ind1=' ' ind2=' ' tag='520'><subfield code='a'>In this video from the 2010 Falling Walls Conference, historian Frederick Cooper lectures on how history can answer today&apos;s most pressing questions. Cooper has taught at Yale, Harvard, University of Michigan, and New York University; held guest professorships around the world; and earned countless acknowledgments like the Best Book in African Studies Award and fellowships from the Rockefeller Institute, Guggenheim Foundation, and Mellon Foundation. Known worldwide for the articulation of the concept of a &quot;gatekeeper state,&quot; Cooper brings an academic perspective that is rooted in years of research on labor and political movements in Africa and broader conceptualizations of colonialism, citizenship, equality, and development, as well as critical readings of overused concepts of globalization, identity, and modernity. With this background, Cooper seeks to transcend the common frameworks of the nation-state and provide an alternative analysis of world history.</subfield></datafield><datafield ind1='2' ind2=' ' tag='521'><subfield code='a'>11 &amp; up.</subfield></datafield><datafield ind1=' ' ind2=' ' tag='538'><subfield code='a'>Mode of access: Internet.</subfield></datafield><datafield ind1=' ' ind2=' ' tag='538'><subfield code='a'>System requirements: FOD playback platform.</subfield></datafield><datafield ind1=' ' ind2=' ' tag='588'><subfield code='a'>Title from distributor&apos;s description.</subfield></datafield><datafield ind1=' ' ind2=' ' tag='546'><subfield code='a'>Closed-captioned.</subfield></datafield><datafield ind1=' ' ind2=' ' tag='590'><subfield code='a'>Access is available to the Temple Community through use of a networked computer with a Temple IP address.</subfield></datafield><datafield ind1=' ' ind2='0' tag='650'><subfield code='a'>Comparative government.</subfield></datafield><datafield ind1=' ' ind2='0' tag='651'><subfield code='a'>Europe</subfield><subfield code='x'>History.</subfield></datafield><datafield ind1=' ' ind2='7' tag='655'><subfield code='a'>Educational films.</subfield><subfield code='2'>lcgft</subfield></datafield><datafield ind1=' ' ind2='0' tag='655'><subfield code='a'>Internet videos.</subfield></datafield><datafield ind1=' ' ind2='7' tag='655'><subfield code='a'>Videorecording.</subfield><subfield code='2'>local</subfield></datafield><datafield ind1=' ' ind2='0' tag='655'><subfield code='a'>Streaming video.</subfield></datafield><datafield ind1='2' ind2=' ' tag='710'><subfield code='a'>Films for the Humanities &amp; Sciences (Firm)</subfield></datafield><datafield ind1='2' ind2=' ' tag='710'><subfield code='a'>Films Media Group.</subfield></datafield><datafield ind1='2' ind2=' ' tag='710'><subfield code='a'>Falling Walls Foundation.</subfield></datafield><datafield ind1='4' ind2=' ' tag='856'><subfield code='z'>Access Films on Demand streaming video.</subfield><subfield code='u'>http://libproxy.temple.edu/login?url=http://digital.films.com/PortalPlaylists.aspx?aid=1627&amp;xtid=49391</subfield></datafield><datafield ind1=' ' ind2=' ' tag='907'><subfield code='a'>.b54611039</subfield><subfield code='b'>w    </subfield><subfield code='c'>-</subfield></datafield><datafield ind1=' ' ind2=' ' tag='902'><subfield code='a'>130930</subfield></datafield><datafield ind1=' ' ind2=' ' tag='998'><subfield code='b'>1</subfield><subfield code='c'>130629</subfield><subfield code='d'>m</subfield><subfield code='e'>2</subfield><subfield code='f'>-</subfield><subfield code='g'>0</subfield></datafield><datafield ind1=' ' ind2=' ' tag='902'><subfield code='a'>Films on Demand 2012-06-25</subfield></datafield><datafield ind1=' ' ind2=' ' tag='945'><subfield code='l'>w    </subfield><subfield code='g'>1</subfield></datafield><datafield ind1=' ' ind2=' ' tag='PRT'><subfield code='a'>53379624450003811</subfield><subfield code='b'>https://sandbox01-na.alma.exlibrisgroup.com/view/uresolver/01TULI_INST/openurl?u.ignore_date_coverage=true&amp;rft.mms_id=991035231869703811</subfield><subfield code='f'>Access Films on Demand streaming video.</subfield><subfield code='d'>MAIN</subfield><subfield code='c'>Films on Demand Streaming Video</subfield><subfield code='8'>53379624450003811</subfield></datafield></record>