
<record xmlns='http://www.loc.gov/MARC21/slim'><leader>01818nam  2200397 i 4500</leader><controlfield tag='001'>991036855239603811</controlfield><controlfield tag='005'>20170920014259.0</controlfield><controlfield tag='006'>m     o  d |      </controlfield><controlfield tag='007'>cr -n---------</controlfield><controlfield tag='008'>161006t20102010nyu     ob    001 0 eng d</controlfield><datafield ind1=' ' ind2=' ' tag='020'><subfield code='a'>1-61761-250-2</subfield></datafield><datafield ind1=' ' ind2=' ' tag='035'><subfield code='a'>(CKB)3710000000851184</subfield></datafield><datafield ind1=' ' ind2=' ' tag='035'><subfield code='a'>(EBL)4691097</subfield></datafield><datafield ind1=' ' ind2=' ' tag='035'><subfield code='a'>(MiAaPQ)EBC4691097</subfield></datafield><datafield ind1=' ' ind2=' ' tag='035'><subfield code='a'>(EXLCZ)993710000000851184</subfield></datafield><datafield ind1=' ' ind2=' ' tag='040'><subfield code='a'>MiAaPQ</subfield><subfield code='b'>eng</subfield><subfield code='e'>rda</subfield><subfield code='e'>pn</subfield><subfield code='c'>MiAaPQ</subfield><subfield code='d'>MiAaPQ</subfield></datafield><datafield ind1=' ' ind2=' ' tag='043'><subfield code='a'>n-us---</subfield></datafield><datafield ind1=' ' ind2='4' tag='050'><subfield code='a'>HD2741</subfield><subfield code='b'>.E463 2010</subfield></datafield><datafield ind1='0' ind2='0' tag='082'><subfield code='a'>658.42</subfield></datafield><datafield ind1='1' ind2=' ' tag='100'><subfield code='a'>El-Mahdy, Dina Faisal,</subfield><subfield code='e'>author.</subfield></datafield><datafield ind1='1' ind2='0' tag='245'><subfield code='a'>Corporate governance and the U. S. firm :</subfield><subfield code='b'>a review and directions for future research /</subfield><subfield code='c'>Dina Faisal El-Mahdy and Carolyn Strand Norman.</subfield></datafield><datafield ind1=' ' ind2='1' tag='264'><subfield code='a'>New York :</subfield><subfield code='b'>Nova Science Publishers, Inc.,</subfield><subfield code='c'>2010.</subfield></datafield><datafield ind1=' ' ind2='4' tag='264'><subfield code='c'>©2010</subfield></datafield><datafield ind1=' ' ind2=' ' tag='300'><subfield code='a'>1 online resource (190 p.)</subfield></datafield><datafield ind1=' ' ind2=' ' tag='336'><subfield code='a'>text</subfield><subfield code='2'>rdacontent</subfield></datafield><datafield ind1=' ' ind2=' ' tag='337'><subfield code='a'>computer</subfield><subfield code='2'>rdamedia</subfield></datafield><datafield ind1=' ' ind2=' ' tag='338'><subfield code='a'>online resource</subfield><subfield code='2'>rdacarrier</subfield></datafield><datafield ind1='1' ind2=' ' tag='490'><subfield code='a'>America in the 21st Century: Political and Economic Issues</subfield></datafield><datafield ind1=' ' ind2=' ' tag='500'><subfield code='a'>Description based upon print version of record.</subfield></datafield><datafield ind1='0' ind2=' ' tag='505'><subfield code='a'>CORPORATE GOVERNANCE AND THE U.S. FIRM: A REVIEW AND DIRECTIONS FOR FUTURE RESEARCH; CORPORATE GOVERNANCE AND THE U.S. FIRM: A REVIEW AND DIRECTIONS FOR FUTURE RESEARCH; LIBRARY OF CONGRESS CATALOGING-IN-PUBLICATION DATA; CONTENTS; ACKNOWLEDGMENTS; PREFACE; PART I: CORPORATE GOVERNANCE AND U.S. FIRMS; Chapter 1: WHAT IS CORPORATE GOVERNANCE AND BEST GOVERNANCE PRACTICES?; WHAT IS CORPORATE GOVERNANCE?; WHY DOES CORPORATE GOVERNANCE EXIST?; HOW DOES CORPORATE GOVERNANCE WORK?; BEST CORPORATE GOVERNANCE PRACTICES; EXTERNAL CORPORATE GOVERNANCE MECHANISMS; Hostile Takeover or Takeover Threat</subfield></datafield><datafield ind1='8' ind2=' ' tag='505'><subfield code='a'>Product Market CompetitionManagerial Labor Market; Financial Analysts, Banks, Brokerages, and Institutional Investors; The Legal Environment; Management Reputation; INTERNAL CORPORATE GOVERNANCE MECHANISMS; Shareholder Activism; Board of Directors; Insider Ownership; Compensation Packages; Capital Structure; Dividends; REFERENCES; Chapter 2: CORPORATE GOVERNANCE UNDERLYING THEORIES; AGENCY THEORY; CONTINGENCY THEORY; STEWARDSHIP THEORY; STAKEHOLDER THEORY; RESOURCE DEPENDENCE THEORY; REFERENCES; Chapter 3: SARBANES OXLEY ACT OF 2002 - INTENDED AND UNINTENDED CONSEQUENCES</subfield></datafield><datafield ind1='8' ind2=' ' tag='505'><subfield code='a'>SARBANES OXLEY ACT 2002SARBANES OXLEY ACT 2002, SECTION 302; SARBANES OXLEY ACT 2002, SECTION 401; SARBANES OXLEY ACT 2002, SECTION 404; SARBANES OXLEY ACT 2002, SECTION 406; SARBANES OXLEY ACT 2002, SECTION 407; SARBANES OXLEY ACT 2002, SECTION 409; SARBANES OXLEY ACT 2002, SECTION 802; SARBANES OXLEY ACT 2002, SECTION 906; THE INTENDED AND UNINTENDED CONSEQUENCES OF SARBANES OXLEY ACT 2002; SOX 2002: THE BRIGHT SIDE; SOX 2002: THE DARK SIDE; REFERENCES; PART II. CORPORATE GOVERNANCE AND U.S. FIRM PERFORMANCE; Chapter 4: CORPORATE GOVERNANCE AND STOCK PRICE PERFORMANCE</subfield></datafield><datafield ind1='8' ind2=' ' tag='505'><subfield code='a'>ENDOGENOUS GOVERNANCE - PERFORMANCE RELATIONSHIPHOW DO STOCK PRICES RESPOND TO GOOD VERSUS BAD CORPORATE GOVERNANCE STRUCTURE?; CORPORATE GOVERNANCE AND STOCK PRICES/RETURNS; REFERENCES; Chapter 5: CORPORATE GOVERNANCE AND FIRM OPERATING PERFORMANCE; BOARD OF DIRECTORS&apos; COMPOSITION AND FIRM OPERATING PERFORMANCE; CEO DUALITY AND FIRM OPERATING PERFORMANCE; CEO COMPENSATION AND FIRM OPERATING PERFORMANCE; OTHER GOVERNANCE STRUCTURES AND FIRM OPERATING PERFORMANCE; REFERENCES; Chapter 6: CORPORATE GOVERNANCE AND INTERNAL CONTROL MATERIAL WEAKNESSES; DETERMINANTS OF INTERNAL CONTROL DEFICIENCY</subfield></datafield><datafield ind1='8' ind2=' ' tag='505'><subfield code='a'>SOX 2002, SECTION 302 AND INTERNAL CONTROL WEAKNESSESSOX 2002: SECTION 404 AND INTERNAL CONTROL WEAKNESSES; CONSEQUENCES OF SOX 2002 ON INTERNAL CONTROL SYSTEMS; REFERENCES; PART III. CORPORATE GOVERNANCE AND FINANCIAL REPORTING QUALITY; Chapter 7: CORPORATE GOVERNANCE AND EARNINGS MANAGEMENT; FINANCIAL REPORTING QUALITY; CORPORATE GOVERNANCE AND FINANCIAL REPORTING QUALITY; CORPORATE GOVERNANCE AND EARNINGS MANAGEMENT; Earnings Management; Consequences of Earnings Management on the Firm; Earnings Management and Financial Crises; Corporate Governance and Earnings Management</subfield></datafield><datafield ind1='8' ind2=' ' tag='505'><subfield code='a'>Corporate Governance Curbs Earnings Management</subfield></datafield><datafield ind1=' ' ind2=' ' tag='504'><subfield code='a'>Includes bibliographical references at the end of each chapters and index.</subfield></datafield><datafield ind1=' ' ind2=' ' tag='588'><subfield code='a'>Description based on print version record.</subfield></datafield><datafield ind1=' ' ind2='0' tag='650'><subfield code='a'>Corporate governance</subfield><subfield code='z'>United States.</subfield></datafield><datafield ind1=' ' ind2='0' tag='650'><subfield code='a'>Corporations</subfield><subfield code='x'>Accounting.</subfield></datafield><datafield ind1=' ' ind2='0' tag='650'><subfield code='a'>Corporations</subfield><subfield code='x'>Research.</subfield></datafield><datafield ind1=' ' ind2='4' tag='655'><subfield code='a'>Electronic books.</subfield></datafield><datafield ind1=' ' ind2=' ' tag='776'><subfield code='z'>1-61728-782-2</subfield></datafield><datafield ind1='1' ind2=' ' tag='700'><subfield code='a'>Norman, Carolyn Strand,</subfield><subfield code='e'>author.</subfield></datafield><datafield ind1=' ' ind2='0' tag='830'><subfield code='a'>America in the 21st Century: Political and Economic Issues</subfield></datafield><datafield ind1=' ' ind2=' ' tag='906'><subfield code='a'>BOOK</subfield></datafield><datafield ind1=' ' ind2=' ' tag='ADM'><subfield code='b'>2017-12-18 19:41:29</subfield><subfield code='e'>(CKB)3710000000851184</subfield><subfield code='d'>EBC</subfield><subfield code='a'>2016-09-21 07:43:41</subfield><subfield code='c'>false</subfield></datafield><datafield ind1=' ' ind2=' ' tag='PRT'><subfield code='a'>53405894950003811</subfield><subfield code='b'>https://sandbox01-na.alma.exlibrisgroup.com/view/uresolver/01TULI_INST/openurl?u.ignore_date_coverage=true&amp;rft.mms_id=991036855239603811</subfield><subfield code='e'>EBSCOhost</subfield><subfield code='9'>Available</subfield><subfield code='c'>eBook Business Collection</subfield><subfield code='h'>613790000000001579</subfield><subfield code='8'>53405894950003811</subfield></datafield></record>