
<record xmlns='http://www.loc.gov/MARC21/slim'><leader>01328nam  2200349Ia 4500</leader><controlfield tag='001'>991036743267803811</controlfield><controlfield tag='005'>20170815163204.0</controlfield><controlfield tag='006'>m     o  d |      </controlfield><controlfield tag='007'>cr -n---------</controlfield><controlfield tag='008'>090727s2010    nyu     ob    001 0 eng d</controlfield><datafield ind1=' ' ind2=' ' tag='010'><subfield code='z'>  2009030682</subfield></datafield><datafield ind1=' ' ind2=' ' tag='020'><subfield code='a'>0-8147-5905-X</subfield></datafield><datafield ind1=' ' ind2=' ' tag='020'><subfield code='a'>0-8147-5860-6</subfield></datafield><datafield ind1=' ' ind2=' ' tag='035'><subfield code='a'>(CKB)2520000000007949</subfield></datafield><datafield ind1=' ' ind2=' ' tag='035'><subfield code='a'>(EBL)866179</subfield></datafield><datafield ind1=' ' ind2=' ' tag='035'><subfield code='a'>(OCoLC)779828463</subfield></datafield><datafield ind1=' ' ind2=' ' tag='035'><subfield code='a'>(SSID)ssj0000340969</subfield></datafield><datafield ind1=' ' ind2=' ' tag='035'><subfield code='a'>(PQKBManifestationID)11243864</subfield></datafield><datafield ind1=' ' ind2=' ' tag='035'><subfield code='a'>(PQKBTitleCode)TC0000340969</subfield></datafield><datafield ind1=' ' ind2=' ' tag='035'><subfield code='a'>(PQKBWorkID)10408088</subfield></datafield><datafield ind1=' ' ind2=' ' tag='035'><subfield code='a'>(PQKB)10325847</subfield></datafield><datafield ind1=' ' ind2=' ' tag='035'><subfield code='a'>(StDuBDS)EDZ0001326155</subfield></datafield><datafield ind1=' ' ind2=' ' tag='035'><subfield code='a'>(MiAaPQ)EBC866179</subfield></datafield><datafield ind1=' ' ind2=' ' tag='035'><subfield code='a'>(EXLCZ)992520000000007949</subfield></datafield><datafield ind1=' ' ind2=' ' tag='040'><subfield code='a'>MiAaPQ</subfield><subfield code='c'>MiAaPQ</subfield><subfield code='d'>MiAaPQ</subfield></datafield><datafield ind1=' ' ind2=' ' tag='041'><subfield code='a'>eng</subfield></datafield><datafield ind1=' ' ind2='4' tag='050'><subfield code='a'>LB2322.2</subfield><subfield code='b'>.N45 2010</subfield></datafield><datafield ind1='0' ind2='0' tag='082'><subfield code='a'>378.1/213</subfield></datafield><datafield ind1='1' ind2=' ' tag='100'><subfield code='a'>Nelson, Cary.</subfield></datafield><datafield ind1=' ' ind2=' ' tag='210'><subfield code='a'>NO UNIVERSITY IS AN ISLAND </subfield></datafield><datafield ind1='1' ind2='0' tag='245'><subfield code='a'>No university is an island</subfield><subfield code='h'>[electronic resource] :</subfield><subfield code='b'>saving academic freedom /</subfield><subfield code='c'>Cary Nelson.</subfield></datafield><datafield ind1=' ' ind2=' ' tag='246'><subfield code='a'>Cultural Front </subfield></datafield><datafield ind1=' ' ind2=' ' tag='246'><subfield code='a'>Passions and Emotions</subfield></datafield><datafield ind1=' ' ind2=' ' tag='246'><subfield code='a'>No university is an island : saving academic freedom {Cultural front}</subfield></datafield><datafield ind1=' ' ind2=' ' tag='246'><subfield code='a'>No University Is an Island: Saving Academic Freedom</subfield></datafield><datafield ind1=' ' ind2='1' tag='264'><subfield code='a'>New York :</subfield><subfield code='b'>New York University Press,</subfield><subfield code='c'>2016.</subfield></datafield><datafield ind1=' ' ind2=' ' tag='300'><subfield code='a'>1 online resource (300 p.)</subfield></datafield><datafield ind1=' ' ind2=' ' tag='336'><subfield code='a'>text</subfield><subfield code='b'>txt</subfield></datafield><datafield ind1=' ' ind2=' ' tag='337'><subfield code='a'>computer</subfield><subfield code='b'>c</subfield></datafield><datafield ind1=' ' ind2=' ' tag='338'><subfield code='a'>online resource</subfield><subfield code='b'>cr</subfield></datafield><datafield ind1='1' ind2=' ' tag='490'><subfield code='a'>Cultural Front Series</subfield></datafield><datafield ind1=' ' ind2=' ' tag='500'><subfield code='a'>Description based upon print version of record.</subfield></datafield><datafield ind1='0' ind2=' ' tag='505'><subfield code='a'>Contents; Acknowledgments; Introduction: What Is Academic Freedom?; 1 The Three-Legged Stool: Academic Freedom, Shared Governance, and Tenure; 2 How a Campus Loses Its Way: Sixteen Threats to Academic Freedom; 3 Legacies of Misrule: Our Contingent Future; 4 Barefoot in New Zealand: Political Correctness on Campus; 5 The Future of Faculty Unionization; 6 Graduate-Employee Unionization and the Future of Academic Labor; 7 On Weakened Ground: The AAUP, Pedagogy, and the Struggle over Academic Freedom; 8 No Campus Is an Island: Reflections on the AAUP Presidency</subfield></datafield><datafield ind1='8' ind2=' ' tag='505'><subfield code='a'>9 Evolution or Devolution: The Future of the AAUP&apos;s Committee A on Academic Freedom and TenureBibliography; Index; A; B; C; D; E; F; G; H; I; J; K; L; M; N; O; P; R; S; T; U; V; W; Y; About the Author</subfield></datafield><datafield ind1=' ' ind2=' ' tag='520'><subfield code='a'>The modern university is sustained by academic freedom; it guarantees higher education&apos;s independence, its quality, and its success in educating students. The need to uphold those values would seem obvious. Yet the university is presently under siege from all corners; workers are being exploited with paltry salaries for full-time work, politics and profit rather than intellectual freedom govern decision-making, and professors are being monitored for the topics they teach. No University Is an Island offers a comprehensive account of the social, political, and cultural forces undermining academi</subfield></datafield><datafield ind1=' ' ind2=' ' tag='546'><subfield code='a'>English</subfield></datafield><datafield ind1=' ' ind2=' ' tag='504'><subfield code='a'>Includes bibliographical references and index.</subfield></datafield><datafield ind1=' ' ind2=' ' tag='588'><subfield code='a'>Description based on online resource; title from home page (viewed on February 4, 2016).</subfield></datafield><datafield ind1='2' ind2='0' tag='610'><subfield code='a'>American Association of University Professors.</subfield><subfield code='b'>Committee on Academic Freedom.</subfield></datafield><datafield ind1=' ' ind2='0' tag='650'><subfield code='a'>Education, Higher</subfield><subfield code='x'>Philosophy.</subfield></datafield><datafield ind1=' ' ind2='0' tag='650'><subfield code='a'>Education, Higher</subfield><subfield code='x'>Political aspects.</subfield></datafield><datafield ind1=' ' ind2='0' tag='650'><subfield code='a'>Universities and colleges</subfield><subfield code='x'>Political aspects.</subfield></datafield><datafield ind1=' ' ind2='0' tag='650'><subfield code='a'>Academic freedom.</subfield></datafield><datafield ind1=' ' ind2='0' tag='650'><subfield code='a'>Teaching, Freedom of.</subfield></datafield><datafield ind1=' ' ind2='0' tag='650'><subfield code='a'>Intellectual freedom.</subfield></datafield><datafield ind1=' ' ind2='0' tag='650'><subfield code='a'>Political correctness.</subfield></datafield><datafield ind1=' ' ind2='4' tag='655'><subfield code='a'>Electronic books.</subfield></datafield><datafield ind1=' ' ind2=' ' tag='776'><subfield code='z'>0-8147-2533-3</subfield></datafield><datafield ind1=' ' ind2=' ' tag='776'><subfield code='z'>0-8147-5859-2</subfield></datafield><datafield ind1=' ' ind2='0' tag='830'><subfield code='a'>Cultural Front Series</subfield></datafield><datafield ind1=' ' ind2=' ' tag='906'><subfield code='a'>BOOK</subfield></datafield><datafield ind1=' ' ind2=' ' tag='PRT'><subfield code='a'>53422654180003811</subfield><subfield code='b'>https://sandbox01-na.alma.exlibrisgroup.com/view/uresolver/01TULI_INST/openurl?u.ignore_date_coverage=true&amp;rft.mms_id=991036743267803811</subfield><subfield code='e'>Ebook Central</subfield><subfield code='c'>Ebook Central Academic Complete</subfield><subfield code='h'>614200000000000002</subfield><subfield code='8'>53422654180003811</subfield></datafield><datafield ind1=' ' ind2=' ' tag='PRT'><subfield code='a'>53394840270003811</subfield><subfield code='b'>https://sandbox01-na.alma.exlibrisgroup.com/view/uresolver/01TULI_INST/openurl?u.ignore_date_coverage=true&amp;rft.mms_id=991036743267803811</subfield><subfield code='e'>EBSCOhost</subfield><subfield code='c'>EBSCOhost Academic eBook Collection (North America)</subfield><subfield code='h'>613640000000000029</subfield><subfield code='8'>53394840270003811</subfield></datafield></record>
</collection>
